2000 3709
329 262 567 327 urunnx}
789 291 822 342 ,ς

67 356 126 408 urbe
139 359 251 408 Etmriae
262 361 380 428 append,
396 379 462 414 unus
474 365 500 414 in
511 365 616 428 Falisco,
625 365 696 417 -alter
709 369 736 418 in
751 370 825 420 Viti·

64 452 129 485 cano
147 451 223 500 agro.
260 443 308 487 Cn.
327 439 432 490 Fulvius
451 441 477 490 u
494 445 525 490 L.
539 443 683 497 ,Postumius
694 447 824 514 Megellus,

65 527 238 582 propraetores
249 517 333 582 ambo,
350 519 440 570 stativa
451 521 478 570 in
489 522 525 570 eit
534 522 699 573 lociehabete
707 522 774 588 juffi.

101 596 221 643 XXVII.
242 597 402 648 Consulesad
414 598 504 661 hostes,
519 600 665 664 transgresso
680 603 825 669 Apennino,

67 667 198 735 inagnum
218 674 372 724 Sentinatem
384 686 561 741 pervenerunt.
594 677 636 726 Ibi
649 689 758 744 quatuor
766 682 824 729 mil·

67 746 130 794 lium
141 746 221 796 serme
233 750 367 799 intervallo
379 752 456 806 castra
466 750 554 818 polita.
587 755 742 817 Interhosiee
752 754 823 806 dein·

69 823 100 871 de
109 823 308 876 consultationes
320 827 427 880 habitae:
446 837 519 893 atque
532 829 567 877 ita
579 831 707 891 convenit,
723 847 755 880 ne
767 834 825 882 uuit

16 925 17 928 ¹
67 901 153 950 eastris
173 900 337 952 miscerentur
355 919 452 970 omnen,
469 905 579 956 treverio
594 906 675 955 aciem
689 905 825 957 descende·

69 988 125 1027 rent
135 977 218 1028 simul.
254 981 403 1030 Samnitibus
416 981 492 1043 Galli,
507 981 615 1030 Etruscis
625 983 713 1032 Umbri
723 983 824 1048 adjerit.

67 1053 122 1104 dies
141 1055 235 1106 inditia
254 1073 360 1124 pugna:
378 1059 482 1108 Samniti
502 1058 627 1124 Gallisque
646 1058 758 1126 delegata
774 1076 823 1128 pu·

66 1146 137 1196 gua:
157 1135 221 1184 inter
235 1133 315 1200 ipsum
325 1145 452 1186 certamen
463 1135 559 1184 Etrusci
568 1136 704 1204 Umbrique
715 1137 772 1200 juffi
778 1154 822 1188 ea-

70 1210 119 1258 slta
130 1214 247 1262 Romana
256 1227 410 1278 oppugnare.
429 1211 823 1269 Haeeconsniaturberunttrars·
845 1239 849 1250 ·

70 1285 140 1350 iugae
159 1287 250 1337 Clufini
268 1297 325 1351 tres,
348 1289 413 1338 clam
431 1287 504 1337 nolle
523 1288 554 1338 ad
574 1289 681 1338 Fabium
697 1288 824 1340 consulem

73 1363 221 1428 transgrelli.
246 1367 299 1431 qui,
315 1364 388 1414 editis
405 1365 511 1416 hostium
529 1365 643 1429 conniis,
658 1365 747 1416 dimiffi
765 1381 824 1417 etun

71 1441 154 1504 donis,
171 1456 200 1492 ut
211 1442 322 1506 subinde,
339 1455 368 1494 ut
384 1459 485 1510 quaeqtte
500 1448 539 1491 ret
555 1459 626 1492 nova
642 1442 741 1492 decreta
757 1442 825 1506 esset,

72 1521 230 1585 exploratam
241 1521 387 1588 perferrem.
423 1517 542 1572 consuler
552 1519 653 1581 Fulvio,
670 1529 700 1568 ut
712 1532 747 1568 ex
758 1520 824 1570 Feli·

71 1593 123 1660 sco,
136 1596 272 1658 Postumio,
289 1608 318 1646 ut
329 1611 362 1646 ex
375 1595 499 1646 Vaticano
510 1596 651 1644 exercitum
667 1593 699 1645 ad
715 1595 824 1648 Clusium

70 1671 235 1739 admoveant,
252 1674 433 1744 summiquevi
447 1673 623 1724 linenhoilium
633 1671 825 1740 depopulentur,

72 1751 193 1802 scribunt.
228 1753 308 1815 Hujus
326 1753 494 1819 populationis
509 1752 578 1804 sema
588 1751 703 1802 Etruscos
714 1767 749 1802 ex
759 1767 823 1818 agro

72 1830 199 1877 Sentinate
217 1830 249 1878 ad
265 1828 322 1878 suos
338 1820 400 1878 lines
414 1828 519 1876 tuendos
534 1828 627 1876 movit.
661 1827 754 1877 Instare
765 1826 824 1876 inde

70 1905 193 1970 consuler,
217 1915 245 1955 ut
263 1904 405 1955 absentibus
424 1907 453 1954 iis
471 1908 632 1971 pugnareturss
656 1919 701 1970 per
718 1903 826 1956 biduum
868 1909 875 1915 '
923 1931 933 1944 ι

70 1981 193 2032 lacessiere
205 1983 292 2050 proelio
303 1983 407 2034 bostem.
424 1981 503 2032 biduo
517 1979 581 2030 nihil
591 1979 697 2044 dignum
712 1979 779 2030 diilu
795 1995 824 2030 a·

71 2059 148 2110 stum.
167 2061 372 2126 Pauciutrinque
386 2060 515 2110 cecidere:
532 2057 659 2122 magisque
667 2058 758 2108 irritati
767 2055 826 2109 sunt

71 2138 102 2188 ad
111 2138 206 2202 justum
220 2150 345 2190 certamen
358 2138 444 2201 animi,
463 2141 538 2203 quern
548 2135 824 2193 addisctimensumma

70 2231 154 2266 rerum
169 2215 285 2266 adduila.
319 2216 395 2266 tertio
413 2215 453 2266 die
470 2212 612 2264 descensum
628 2213 654 2262 in
665 2228 781 2280 campum
792 2230 822 2265 o-

69 2295 172 2344 mnibus
182 2297 263 2362 copiis
274 2295 315 2345 est.
331 2355 333 2366 Α
352 2299 439 2359 Quum
449 2291 569 2343 inlitu&
579 2292 644 2341 acies
654 2292 752 2356 statem,
767 2306 823 2344 cer·
880 2336 882 2341 .

71 2388 104 2423 va
115 2373 214 2439 lugiens
222 2374 309 2442 lupum
320 2373 472 2424 ementibus¹
481 2370 569 2422 exafla
580 2364 625 2438 per
641 2386 743 2438 campos
757 2372 823 2424 inter

71 2452 131 2503 duas
141 2453 207 2502 acies
221 2453 347 2504 decurrit:
365 2449 423 2503 inde
434 2450 538 2504 diversae
553 2447 619 2514 serae,
636 2466 711 2500 cerva
718 2450 749 2500 ad
759 2450 822 2500 Gal·

70 2531 116 2596 los,
125 2533 198 2600 lupus
206 2531 238 2582 ad
247 2535 375 2582 Romanos
387 2529 484 2582 ctusum
498 2529 610 2580 deflexit.
627 2531 702 2596 Lupo
710 2529 769 2580 data
779 2529 820 2579 in·

70 2619 108 2658 ter
118 2611 217 2660 ordines
227 2611 288 2671 via;
304 2623 407 2660 cervam
416 2608 483 2658 Galli
497 2606 636 2669 confixere.
659 2611 729 2656 Tum
738 2621 771 2656 ex
778 2621 822 2656 an·

71 2686 201 2750 resignanir
218 2690 349 2737 Romanus
365 2685 443 2750 miles,
460 2685 516 2736 Illac
526 2685 595 2752 fuga,
611 2685 701 2752 inquit,
720 2686 748 2736 dr
758 2684 824 2735 tedet

72 2767 147 2829 uertit,
164 2764 200 2814 udi
204 2768 298 2830 sacrm
306 2766 386 2814 Diana
391 2763 469 2830 feram
475 2765 586 2830 jacentem
596 2763 686 2814 videtis.
711 2764 771 2813 Hinc
778 2763 822 2826 ati·

70 2843 117 2892 nor
132 2841 239 2893 Martius
255 2843 328 2910 lupus,
344 2843 427 2910 integer
438 2844 466 2894 d*
482 2840 582 2904 inaltus,
594 2843 669 2912 gentis
678 2857 718 2893 tter
725 2842 825 2890 Martie

71 2919 99 2971 dr
108 2921 223 2970 cantoris
234 2921 302 2986 nostri
312 2920 430 2970 adnwnnit.
463 2919 565 2971 Dextro
580 2935 659 2970 cornu
673 2920 749 2982 Galli,
764 2917 823 2968 nni-

73 2995 440 3048 nrosanrnitesconstitennt·
465 2995 584 3050 adversus
601 2997 822 3061 SamnitecQFa·

72 3069 124 3126 bitu
133 3076 244 3144 primam
255 3091 286 3128 ac
294 3073 510 3144 tertiamlegioues
518 3090 566 3144 pro
573 3073 665 3137 dextro
672 3089 751 3129 cornu
760 3074 823 3198 32}ss

733 3163 780 3202 ter
