2000 3709
179 287 228 362 til
436 299 474 350 τ.
509 279 691 352 n'rvrr'
911 367 915 373 .

75 383 79 388 ’
178 391 255 442 eastra
272 387 304 440 ab
317 389 412 442 TicIno
430 401 508 454 mota,
527 391 718 460 festinatumque
734 391 765 443 ad
778 385 881 444 Padum
890 387 939 456 eli}

178 471 321 533 meatibus,
341 472 431 536 quibus
440 471 561 534 junxerat
569 473 669 537 flumen,
686 475 800 524 nondum
810 474 939 539 resolutis,

177 545 229 602 sine
244 548 352 598 tumultu
370 557 444 614 atque
463 547 622 598 infestatione
638 551 719 614 hollis,
736 552 823 620 copias
836 553 938 616 trajice·

177 629 226 677 re't.
260 627 331 676 Prius
351 626 500 677 Placentiam
521 634 763 694 pervenere,'quam
783 630 841 679 satis
862 631 938 680 sciret

177 704 306 756 Hannibal
326 703 358 755 ab
378 705 473 754 Ticino
493 703 634 771 proiciios:
653 716 735 755 tamen
752 705 784 756 ad
802 707 938 756 sexcentos

176 797 334 836 moratorum
346 785 373 834 in
385 785 499 834 citeriore
511 785 575 852 ripa,
592 781 699 848 segniter
710 795 789 834 ratem
801 785 937 850 solventes,

177 863 254 929 cepit.
273 861 372 911 transire
384 875 434 912 non
446 861 530 928 potuit
545 871 658 927 pontem,
675 872 703 910 ut
715 861 935 912 extremaresolu-

177 951 205 992 ta
216 951 294 1006 erant,
312 941 366 993 tota
377 950 430 990 rate
448 940 473 990 in
485 937 621 997 secundam,
629 955 717 1006 aquam
729 941 838 990 labente.
875 944 934 992 Coe·

176 1021 224 1073 lius
242 1019 328 1070 auilor
344 1019 385 1083 cll,
403 1019 540 1083 Magonem
557 1033 614 1068 cum
632 1020 745 1085 equitatu
766 1017 793 1069 ἃ
815 1019 934 1088 Hispanis

178 1098 305 1168 peditibus
323 1100 415 1148 flumen
430 1097 562 1164 extemplo
574 1095 721 1157 transualse3
739 1095 820 1164 ipsum
833 1099 933 1148 Hanni·

177 1175 260 1226 balem
273 1190 317 1244 per
334 1173 460 1243 superiora
478 1173 537 1222 Padi
554 1176 622 1243 vada·
636 1174 775 1223 exercitum
787 1169 932 1237 traduxisse,

179 1254 315 1323 elephantis
327 1254 353 1302 in
365 1251 477 1302 ordinem
490 1249 520 1299 ad
536 1245 702 1299 sustinendum
715 1251 836 1316 impetum
848 1251 932 1299 flumi-

178 1335 217 1385 nis
228 1331 355 1401 oppositis.
374 1332 410 1379 Ea
420 1329 507 1396 peritis
519 1327 598 1391 amnis
610 1327 663 1391 ejus
674 1327 721 1376 vix
733 1325 809 1375 fidem
817 1327 933 1376 feceriut.

178 1429 237 1464 narn
250 1427 328 1479 neque
340 1409 443 1477 equites,
460 1407 535 1456 annis
544 1403 663 1473 equisque
672 1404 755 1465 salvis,
773 1417 867 1455 tantam
877 1407 933 1456 vim

176 1490 287 1542 fluminis
304 1485 424 1556 superilse
440 1483 573 1533 verisimile
593 1484 634 1548 eil,
652 1495 681 1532 ut
696 1482 749 1546 jam
762 1483 887 1550 Hispanos
902 1499 932 1532 o-
980 1484 981 1493 ¹

177 1585 247 1620 mnes
260 1567 337 1618 inflati
354 1562 538 1616 transvexerint
548 1573 624 1612 utres.
650 1563 676 1611 ἃ
687 1561 824 1610 multorum
836 1559 932 1611 dierum

178 1648 286 1697 circuitu
297 1645 357 1696 Padi
369 1643 433 1692 vada
446 1639 553 1709 peteuda
563 1640 671 1702 fuerant,
680 1639 729 1706 qui
740 1637 866 1690 exercitus
875 1655 933 1705 gra*

177 1725 220 1774 vis
237 1719 419 1790 impedimentis
438 1715 536 1768 traduci
555 1715 642 1785 posset.
677 1717 790 1767 Potiores
810 1715 876 1783 apud
890 1732 933 1766 me

176 1800 290 1854 nudiores
302 1797 366 1864 sunt,
383 1798 425 1866 qui
439 1797 518 1849 biduo
530 1795 578 1847 vix
590 1796 674 1845 locum
683 1804 736 1844 rate
746 1794 878 1859 jungendo
885 1796 933 1846 liu-

177 1882 242 1932 mini
254 1879 385 1928 inventum
404 1875 522 1935 tradunt;
539 1874 567 1922 ea
584 1888 641 1922 cum
653 1875 764 1936 Magone
776 1874 875 1937 equites
884 1872 934 1922 Ili·

178 1960 312 2028 spanorum
323 1947 454 2023 expeditos
471 1951 613 2022 praemirsos.
632 1949 691 2001 dum
704 1951 840 2014 Hannibal,
863 1953 932 2001 circa·

177 2041 271 2090 flumen
282 2035 447 2100 legationibus
459 2032 593 2081 Gallormn
604 2028 732 2079 audiendis
743 2039 863 2094 moratam,
880 2041 933 2080 tra-

175 2117 235 2182 jicit
246 2116 346 2181 gravius
356 2113 466 2180 peditum
475 2125 573 2174 agmen,
586 2109 686 2158 interim
697 2110 776 2172 Mago
788 2108 934 2176 equitesque

178 2197 212 2245 ab
232 2193 333 2244 transitu
351 2192 460 2242 fluminis
474 2189 524 2238 diei
544 2189 617 2237 unius
635 2187 723 2236 itinere
736 2187 888 2238 Placentiam
899 2189 933 2238 ad

178 2273 260 2326 hones
274 2271 436 2322 contendunt,
471 2267 596 2318 Hannibal
614 2266 700 2333 paucis
716 2267 769 2333 poll
786 2267 874 2317 diebus
888 2266 933 2320 sex

179 2351 258 2404 millia
275 2355 290 2399 a
309 2349 432 2399 Placentia
450 2347 526 2395 castra
541 2343 718 2406 communivit,
735 2344 761 2392 dt
772 2345 874 2410 postero
884 2344 933 2412 die,

180 2431 207 2480 lu
225 2425 355 2496 conspeilu
373 2425 480 2477 hostium
497 2423 551 2472 acie
565 2420 664 2484 diresin,
681 2421 830 2489 potestatem
843 2437 934 2490 pugnae

182 2505 252 2560 fecit.

85 2636 87 2642 ,
179 2585 183 2608 ²
214 2585 341 2635 XLVIII.
361 2579 503 2650 Insequenti
521 2577 594 2630 noste
610 2577 688 2629 caedee
702 2577 730 2629 in
742 2577 825 2630 castris
838 2581 933 2630 Roma-

178 2663 227 2726 nis,
244 2659 354 2710 tumultu
370 2671 452 2710 tamen
474 2663 548 2724 quam
566 2673 592 2707 re
609 2656 699 2719 major,
716 2655 749 2706 ab
767 2655 933 2707 auxiliaribus

124 2737 145 2749 ”
183 2741 261 2790 Gallis
278 2735 341 2786 salia
358 2739 399 2787 cli.
418 2737 448 2788 ad
467 2737 519 2786 duo
538 2735 615 2786 millia
632 2734 744 2801 peditum
756 2733 896 2784 &ducenti
906 2749 933 2782 e-

178 2819 270 2886 quites,
288 2813 406 2879 vigIIIbus
424 2813 454 2863 ad
473 2823 557 2881 portas
571 2811 707 2875 trucidatis,
723 2811 755 2860 ad
767 2812 934 2868 Hannibalem

178 2893 365 2956 transfugiunt:
384 2907 445 2958 quos
466 2893 553 2941 Poenus
573 2890 680 2955 benigne
695 2889 827 2952 allocutam,
846 2889 871 2940 u
890 2888 933 2956 spe

87 2977 94 2994 ⁸
182 2973 321 3038 ingentium
341 2968 464 3019 donorum
482 2965 606 3031 accensos,
628 2968 655 3039 in
674 2967 789 3016 civitates
809 2981 934 3032 quemque

175 3050 246 3112 suat,
263 3047 294 3098 ad
304 3043 472 3095 sollicitandos
484 3045 643 3111 popularium
654 3045 751 3094 animos
762 3042 863 3096 dimitit.
881 3045 933 3092 Sci-

178 3129 235 3231 ¹pio,
247 3123 339 3190 eadem
347 3139 402 3177 eam
412 3123 508 3189 sgnum
515 3121 664 3233 delestionit
673 3121 788 3178 omnivm
799 3122 934 3239 Gallorppp
978 3160 979 3195 3
