2000 3709
300 221 489 275 -LIBER
523 224 625 274 xxvt.
803 236 851 287 4²5

75 308 220 375 aederent,
241 322 324 379 terga
337 314 441 376 dediile3
458 326 527 365 tanta
542 316 579 364 ira
594 311 696 363 accensa
709 312 752 378 eli,
766 322 797 363 ut
811 327 852 363 ca·

75 391 127 455 pite
139 392 352 457 anquirendum
363 392 632 445 conciniueciamaret.
666 394 706 441 De
713 406 744 441 eo
753 404 854 457 quoque

74 482 178 519 novum
189 482 339 521 certamen
353 482 445 523 ortum.
462 488 531 532 nam,
547 486 625 536 quum
636 471 749 548 tribunus
761 471 798 519 bis
810 464 853 535 pe-

72 548 150 598 cunia
167 550 342 615 anquisiffet‚
359 554 433 601 tertio
452 552 540 618 eapitis
556 552 582 601 se
598 552 727 616 anquirere
744 550 853 605 diceretr

73 625 174 675 tribuni
196 628 289 693 piebis
310 632 438 699 appellati,
463 630 552 697 college,
569 630 701 693 negarunt,
712 631 738 694 se
755 629 780 677 iu
794 643 855 677 nura

71 704 122 767 effe,
140 718 184 769 quo
198 706 292 771 mnus,
314 710 369 775 quod
378 710 398 758 ei
415 725 474 757 mm
490 709 597 772 majm
611 706 735 774 permrffnm
747 705 803 773 effer,
813 707 856 773 ses

71 776 166 845 legibus,
179 784 228 847 seu
240 783 347 833 moribus
358 785 439 849 milet,
449 786 580 851 anquireret,
596 783 664 849 quoad
674 784 712 831 uel
721 784 807 849 cepitis,
817 780 856 831 vei

68 859 313 927 pecuniaejudicdffit
323 864 424 929 privato.
460 866 530 911 Tum
544 861 711 927 Sempronius,
725 859 856 926 perduellio·

70 931 106 979 nis
110 934 140 997 se
145 934 265 997 judicare
280 942 326 989 Gn.
338 939 426 1002 Μυῖα,
442 938 519 1000 dixit,
533 938 648 1003 diemque
659 938 767 988 comitiis
779 936 811 987 ab
822 940 851 987 C.

70 1008 357 1079 Calpurniopraetore
374 1015 442 1065 urbis
462 1015 534 1081 petit.
568 1014 631 1063 Inde
641 1014 689 1063 alia
700 1012 753 1081 spes
764 1015 797 1064 ab
808 1028 853 1063 reo

64 1091 176 1135 tentata
189 1090 246 1138 eli:
270 1090 292 1139 fi
304 1090 383 1141 adeile
394 1092 420 1140 in
429 1091 527 1153 jndicio
543 1093 577 1154 Q.
594 1091 697 1140 Fulvius
708 1090 784 1141 irater
795 1090 852 1158 pos-

73 1159 119 1222 set,
138 1165 245 1216 florens
266 1178 325 1227 tum
344 1170 369 1219 ἃ
386 1168 452 1219 sami
469 1183 551 1219 rerum
566 1168 695 1232 gestarum,
713 1168 738 1218 ἃ
751 1170 853 1235 propin·

62 1239 126 1303 -qui
138 1239 186 1307 spe
201 1247 309 1313 Capua
321 1246 457 1312 potiunda.
491 1244 522 1295 Id
536 1261 612 1311 quum
626 1261 670 1313 per
683 1245 766 1295 literas
780 1244 854 1295 mise·

75 1316 196 1369 rabiliter
213 1337 271 1388 pro
282 1322 364 1373 fratris
373 1324 454 1390 eapite
467 1322 567 1390 scriptas
577 1322 673 1389 petiiset
681 1324 792 1386 Fulvius,
810 1338 854 1373 ne·

78 1394 237 1465 giffentque
254 1404 342 1451 Patres
358 1404 371 1449 ὲ
388 1401 515 1467 republica
531 1400 587 1464 eise,
603 1400 703 1450 abscedi
719 1406 734 1449 a
752 1404 852 1466 capua

78 1474 223 1540 postquam
238 1478 295 1529 dies
311 1479 471 1529 comitiorum
482 1478 575 1541 aderat,
593 1482 640 1528 Cn.
659 1479 762 1529 Fulvius
778 1477 856 1529 exsuu

80 1548 168 1602 latum
179 1555 346 1621 Tarquinios
355 1555 427 1607 abiit.
444 1555 469 1607 id
481 1555 602 1619 eijuiium
611 1554 722 1607 exilium
731 1554 787 1620 elle,
803 1554 850 1607 sci·

82 1626 124 1675 vit
136 1628 225 1693 plebs.

114 1706 170 1755 IV.
190 1709 271 1759 Inter
282 1710 333 1759 bac
344 1709 383 1761 vis
400 1710 480 1761 omnis
494 1709 554 1760 belli
570 1710 643 1761 versa
658 1710 684 1759 in
701 1714 812 1777 Capuam
823 1725 851 1761 e·

70 1791 134 1832 ¹rat.
155 1784 328 1837 obsidebatur
345 1798 426 1841 tamen
443 1788 532 1852 acrius,
550 1794 624 1855 quam
642 1790 850 1854 oppugnabatur:

83 1873 131 1909 nee
143 1872 193 1913 aut
205 1863 304 1915 samem
320 1864 424 1916 tolerare
434 1864 534 1917 servitia
544 1882 575 1915 ae
591 1865 660 1931 plebs
669 1876 791 1931 poterant,
808 1877 852 1918 aut

86 1930 193 1988 mittere
204 1941 314 1993 nuncios
329 1940 358 1990 ad
369 1941 535 1991 Hannibalem
552 1956 596 2007 per
614 1940 733 1989 custodias
749 1950 799 2001 tarn
812 1955 852 1991 ar·

88 2020 137 2061 tas.
175 2016 305 2065 laventus
317 2016 349 2065 eii
362 2016 479 2079 Numida,
498 2016 550 2081 qui,
567 2015 675 2081 acceptis
689 2014 774 2077 literis,
789 2030 853 2063 eva·

89 2082 181 2139 surum
194 2089 221 2139 se
232 2089 361 2157 proselitis,
378 2102 406 2141 ut
415 2089 560 2158 promilium
568 2090 700 2159 prestaret,
718 2105 762 2155 per
770 2089 852 2162 media

14 2190 15 2195 =
90 2162 214 2215 Romana
230 2166 306 2217 castra
320 2166 392 2218 noete
410 2166 523 2233 egressus,
540 2168 608 2234 spem
619 2166 732 2235 ascendit
746 2170 852 2235 Campa·

74 2284 77 2293 .
92 2238 140 2303 nit,
161 2242 227 2293 dum
239 2244 333 2309 aliquid
348 2245 441 2294 virium
452 2244 590 2313 supereffet,
607 2245 639 2294 ab
657 2246 727 2295 omni
744 2257 813 2311 parte
824 2260 851 2295 e·

94 2318 247 2383 ruptionem
263 2320 382 2371 tentandi.
419 2325 535 2371 Ceterum
546 2322 573 2387 in
583 2322 665 2371 multis
677 2323 852 2374 certaminibus

79 2440 82 2447 ,
94 2396 222 2457 equestria
233 2398 318 2463 prelia
329 2396 407 2462 senne
418 2397 535 2465 prospera
549 2398 688 2449 faciebant:
706 2399 799 2467 pedites
806 2399 851 2457 su-

93 2470 259 2532 petebantur.
277 2471 319 2523 sed
327 2489 482 2539 nequaquam
495 2484 545 2534 tam
558 2476 641 2525 laetum
653 2476 762 2538 vincere,
776 2483 851 2544 quam

97 2546 164 2600 triste
176 2550 248 2599 vinci
257 2550 306 2600 ulla
314 2562 384 2619 parte
393 2563 445 2601 erat
453 2553 485 2602 ab
494 2551 589 2603 obseffo
599 2553 624 2604 ἁ
632 2558 711 2622 prope
720 2569 849 2623 expugna·

80 2666 83 2675 ,
97 2630 125 2671 to
134 2624 214 2677 hone.
251 2630 318 2696 Inita
328 2630 425 2681 tandem
436 2632 501 2681 ratio
513 2631 554 2694 eli,
571 2643 608 2697 ut,
625 2633 692 2698 quod
701 2635 797 2683 viribus
805 2635 848 2684 de·

97 2713 160 2767 etat,
186 2716 240 2754 arte
258 2719 405 2773 oqueretur.
438 2724 471 2759 ex
488 2710 604 2761 omnibus
621 2710 759 2775 legionibus
779 2712 850 2761 eleili

98 2775 275 2847 suntJuvenes,
292 2787 402 2839 maxime
410 2788 499 2851 vigore
509 2804 538 2837 ac
549 2788 652 2837 levitate
661 2803 794 2855 corporum
805 2803 850 2838 ve·

98 2854 180 2908 loces:
198 2860 233 2909 eis
243 2875 335 2927 parmae
346 2862 482 2927 breviores,
500 2870 574 2930 quarn
586 2865 714 2930 equestres,
731 2866 756 2914 dt
769 2864 850 2933 septe·

16 2928 17 2931 ¹
100 2946 132 2985 na
141 2936 225 2999 jacula
242 2949 375 3003 quaternos
391 2942 466 3005 longa
483 2941 557 3008 pedes
571 2942 638 3004 data,
656 2940 758 3008 praefixa
772 2940 848 3006 ferro,

101 3014 173 3080 quale
182 3014 253 3069 hastis
264 3016 409 3091 velitaribus
418 3018 487 3073 inest.
505 3018 699 3087 eoslingulosin
708 3018 848 3091 equosiuor

471 3108 472 3111 ’
780 3113 847 3153 acce·
