2000 3709
159 237 206 286 232
415 239 452 288 T.
486 239 647 290 L1v11

158 323 202 386 set,
219 325 324 379 decretae
341 327 410 380 sunt:
428 345 544 396 eumque,
561 347 638 398 quum
656 320 769 399 primrlm
779 331 853 384 salvis
863 347 911 383 au·

120 411 126 419 “
156 405 239 474 spiclis
256 404 342 473 pollet,
359 409 437 458 creari
456 408 559 476 placuit.
585 411 697 473 legiones
715 422 832 476 praeterea
849 412 911 460 duas
974 434 976 439 ·

157 483 241 548 prim-o
258 497 357 550 quoque
376 495 488 552 tempore
506 499 540 534 ex
560 486 641 534 Sicilia
651 487 744 535 acciri:
761 499 837 553 atque
853 486 913 536 inde

158 561 252 624 consul,
270 563 309 612 eui
321 563 431 628 legiones
442 565 542 614 urbanae
554 563 699 629 evenissent,
716 567 822 616 militem
831 566 914 614 sume·

157 651 196 692 ret
207 653 327 707 quantum
346 659 408 712 opus
426 644 493 692 elsct.
510 667 514 672 v
530 647 559 692 C.
573 646 697 695 Terentio
710 645 808 695 consuli
821 660 914 712 propa·

158 722 212 784 gari
224 721 249 770 in
261 737 353 771 annum
366 723 515 789 imperium:
533 737 612 789 neque
621 723 653 772 <le
661 740 692 772 eo
704 724 828 788 exercitu,
839 738 915 790 quem

156 798 189 849 nd
202 799 338 865 praefidium
351 805 372 850 A
376 802 450 870 puliae
462 801 573 864 haberet,
591 802 726 868 quicquam
736 804 826 863 minui.
974 854 976 859 ,

193 879 292 927 XXVI.
311 881 378 928 Dum
388 871 441 928 haec⁸
453 880 480 928 i'n
491 879 563 928 Italia
574 891 914 947 gemnturapparanturque,
974 909 976 936 ς

157 955 237 1004 nihilo
247 955 343 1020 segnius
355 956 381 1006 in
393 951 514 1024 Hispania*
525 957 619 1005 bellum
630 967 696 1006 erat:
715 956 760 1006 {ed
771 957 803 1008 nd
815 972 871 1004 eam
879 956 915 1004 di·
974 1010 976 1015 ,

157 1047 198 1082 ern
215 1036 293 1099 magis
312 1034 458 1101 prosperum
475 1035 605 1104 Rornanis.
640 1037 668 1084 P.
688 1035 715 1084 8(
728 1039 776 1085 Cn.
789 1034 914 1100 Scipioni·

157 1109 203 1159 bus
215 1112 280 1161 inter
297 1111 321 1160 se
339 1111 454 1182 partitis
456 1111 550 1178 copias,
566 1122 595 1160 ut
614 1114 701 1160 Cnaeus
719 1113 793 1172 terri,
812 1112 914 1160 Publius
974 1138 976 1142 ,

156 1189 272 1251 navibus,
290 1204 342 1238 rem
352 1200 467 1255 gereret
503 1187 642 1238 Hasdrubal
658 1190 813 1239 Poenorurn
805 1203 915 1256 impera
974 1192 976 1223 ἓ

158 1277 206 1330 tor,
225 1267 306 1316 neutri
325 1268 389 1331 parti
404 1269 498 1318 virium
511 1267 568 1318 satis
580 1267 665 1332 fidens,
682 1269 773 1336 procul
789 1269 822 1318 ab
836 1268 918 1334 holle,
974 1296 976 1337 l

158 1343 292 1392 intervallo
308 1333 337 1392 a'c
355 1343 417 1394 loeis
436 1353 514 1408 tutus,
532 1342 633 1394 tenebat
643 1341 683 1392 se
700 1342 785 1408 quoad
805 1306 918 1392 multuni
974 1344 976 1391 l

158 1437 188 1472 ec
178 1405 242 1471 diu
254 1421 396 1486 obtestanti
414 1432 525 1488 quatuor
533 1422 610 1471 rnrlha
618 1421 745 1494 peditum
756 1422 918 1487 &quingen-
974 1457 976 1491 ἓ

158 1499 180 1550 ti
191 1503 285 1565 equites
295 1502 322 1550 in
333 1500 534 1571 supplementum
544 1497 606 1561 misfi
617 1514 651 1548 ex
662 1499 751 1549 Africa
762 1497 830 1549 sunt
846 1503 919 1549 Turn
974 1494 976 1497 ’

159 1577 250 1629 reseas
259 1578 359 1628 tandem
371 1577 422 1645 spe,
435 1577 512 1626 castra
521 1576 625 1644 propius
636 1575 730 1626 hostem
741 1578 843 1627 movit:
856 1575 919 1627 clas·

159 1655 296 1724 lemque&
308 1657 359 1726 ipse
372 1658 458 1708 instrui
475 1648 605 1724 potatique
618 1655 700 1719 jubet,
716 1657 750 1707 ad
761 1658 853 1708 insulas
862 1673 919 1709 ma-
974 1682 976 1729 ς

158 1735 320 1803 ritimamque
331 1751 402 1789 oram
415 1735 556 1786 tutandam.
591 1737 622 1783 In
637 1733 691 1802 ipso
701 1736 799 1803 impetu
808 1751 916 1786 moven-

160 1815 248 1894 darurn
266 1815 297 1866 de
317 1817 417 1880 integro
435 1829 527 1878 rerum,
544 1813 653 1881 perarlit'
665 1829 725 1864 eum
740 1814 918 1882 prefectorum

59 1907 61 1916 '
159 1886 266 1945 navinm
287 1893 415 1944 transitio.
434 1894 487 1960 qui,
506 1890 560 1959 post
577 1890 674 1942 elaffem
691 1892 724 1944 ad
746 1895 851 1944 Iberum
871 1909 919 1961 per

159 1985 284 2040 pavorem
295 1971 415 2023 desertam
427 1973 539 2037 graviter
547 1971 670 2056 increpiti
687 1987 816 2038 nunquam
828 1972 920 2022 deinde

157 2049 220 2100 -laris
233 2048 276 2098 fidi
286 2061 330 2098 aut
341 2049 408 2111 duci,
421 2062 464 2100 aut
473 2038 713 2112 Karthaginielefium
723 2051 798 2100 rebus
808 2051 918 2100 fuerant.

162 2127 283 2178 Fecerant
295 2127 321 2176 hi
339 2117 470 2192 translugae
487 2138 583 2178 motum
602 2127 627 2176 in
645 2127 818 2194 &pelorum
837 2139 920 2192 gente,
974 2146 976 2159 =

160 2203 395 2273 desciverantque·
379 2223 409 2258 ns
421 2206 563 2258 austoribus
571 2207 644 2257 urbes
652 2207 761 2272 aliquot:
779 2223 831 2258 una
843 2209 920 2259 etiam

164 2284 264 2352 abipsis
277 2285 305 2335 vi
323 2297 395 2352 capta
413 2285 505 2335 suerat.
541 2287 571 2334 Ιιι
589 2300 644 2333 eam
662 2296 763 2348 gentem
773 2284 920 2335 tersumab
974 2351 976 2354 y

147 2363 285 2414 ·-Romanis
293 2363 385 2412 bellum
394 2363 442 2424 οὓς
459 2361 597 2429 infestoque
608 2364 721 2412 exercitu
730 2362 872 2413 Hasdrubal
880 2365 919 2413 in·
974 2400 976 2405 -

166 2441 256 2506 gressus
266 2457 354 2506 agrum
364 2443 481 2506 hostiurn,
492 2458 539 2509 pro
553 2451 630 2508 captae
641 2452 699 2490 ante
710 2432 763 2492 dies
773 2458 869 2510 paucos
876 2459 919 2492 ur·
974 2443 976 2459 ³

165 2520 203 2569 bis
216 2519 344 2583 rnoenibus,
364 2515 483 2583 Galbam,
501 2518 611 2591 nobiler'n
630 2520 805 2588 earpefiorum
819 2521 921 2586 ducem,
974 2522 975 2527 ’

160 2613 225 2650 eum
236 2599 322 2649 valido
335 2601 448 2650 exercitu
457 2600 539 2650 castris
550 2600 599 2650 sese
610 2609 743 2664 tenentem,
761 2603 919 2668 aggredilst‘a·

159 2679 225 2728 tuit.
262 2679 385 2730 Praemissi
397 2681 474 2744 igitur
484 2680 679 2744 leviarmaturl,
696 2696 750 2746 quae
759 2680 861 2731 eliceret
872 2683 919 2732 ho·
974 2700 975 2703 ¹

168 2755 256 2810 licead
274 2761 407 2823 certamen,
426 2758 538 2825 peditum
554 2769 650 2826 partem
660 2759 698 2808 'ael
715 2757 920 2826 depopulandum

171 2853 214 2926 per
230 2850 301 2899 agros
318 2835 401 2905 pallim
417 2835 515 2897 dimisit,
532 2847 561 2884 ut
573 2835 682 2902 palantes
693 2837 849 2903 exciperent
883 2839 919 2886 si·
974 2838 975 2843 ’

170 2898 259 2965 mul&
276 2911 307 2962 ad
321 2912 399 2962 'callra
417 2915 548 2963 tumultus
551 2923 612 2975 emt,
630 2913 655 2963 8<
672 2929 715 2979 per
726 2929 800 2976 agros
811 2914 919 2979 fugaque

161 2993 197 3040 ·&
209 2989 297 3050 caedes;
316 2989 403 3039 deinde
419 2990 528 3056 undique
545 2989 646 3040 diver-fis
663 2990 793 3048 itineribtis
805 3005 883 3056 quum
893 2992 920 3040 in

82 3067 85 3072 '
163 3071 247 3125 *castra
265 3069 288 3120 le
306 3067 455 3139 recepiffent,
473 3071 537 3122 adso
553 3072 653 3140 repente
666 3067 763 3120 eleceffit
773 3071 865 3120 animis
875 3085 919 3135 pa-

162 3163 166 3172 ’
862 3157 923 3213 sor,
