2000 3709
293 201 348 259 rr
366 209 385 257 n
402 196 464 259 nr
496 208 588 263 xxrr.
757 220 808 273 ιι,

69 300 116 343 tec:
132 294 261 361 postremo,
279 310 358 361 quum
375 292 485 349 hostibus
506 287 603 363 quoque
619 294 724 347 subfidia
743 294 811 348 mitti

72 372 169 433 videret,
187 372 307 423 instruitis
323 374 465 439 legionibus
474 372 596 441 procedit.
630 376 662 428 Et
677 376 811 441 Hannibal,

68 450 234 501 laborantibus
246 452 295 503 suis
305 454 353 501 alia
366 464 441 519 atque
452 452 510 515 alia,
530 450 652 501 crescente
670 453 813 519 certamine,

67 532 163 581 mittens
174 532 270 580 auxilia
288 532 401 599 peditum
419 532 587 597 equitumque,
601 530 654 595 jam
665 530 755 596 justam
767 547 815 583 ex·

64 606 174 673 plererat
189 610 279 673 aciem,
296 626 326 659 ae
343 611 403 658 totis
420 608 535 674 utrinque
552 608 647 658 viribus
664 610 816 665 certabatur.

65 686 142 735 Prirna
152 686 219 735 levis
231 690 550 749 armatura‘Romanorum,
566 698 767 755 praeoecupamm
776 691 816 742 in·

63 760 152 827 seriore
164 762 224 813 loco
237 764 368 814 succedens
380 764 511 827 tumulum,
528 761 596 831 pulsa
608 763 752 832 detrusaque
763 772 815 817 ter-¹
842 755 846 762 ¹
889 776 895 786 ’

62 855 143 890 rorem
156 843 182 891 in
200 842 376 893 succedentem
389 842 475 891 'intulit
489 842 607 907 equitem,
624 842 688 893 &ad
701 844 766 910 figna
776 848 814 894 lc·

62 917 166 979 gionum
178 918 283 985 refugit.
302 919 415 986 peditum
426 921 490 968 acies
502 919 566 967 inter
573 918 696 985 perculsos
707 922 816 989 impavi-

63 990 93 1041 da
104 991 155 1044 sola
175 1007 240 1059 erat,
257 996 449 1062 videbaturque,
468 995 557 1059 fijutta
566 1007 610 1045 aut
629 996 718 1047 firesla
731 1014 816 1064 pugna

63 1068 129 1133 esset,
146 1070 344 1136 haudquaquam
362 1070 443 1137 impar
455 1070 546 1119 sutura.
565 1080 662 1120 tanturn
673 1074 832 1125 animorum·

64 1146 156 1197 lecerat
170 1148 289 1215 prospere
298 1160 355 1197 ante
366 1162 459 1215 paucos
470 1148 522 1197 'dies
533 1163 570 1197 res
579 1148 652 1213 gesta.
686 1150 731 1199 Sed
740 1166 816 1201 exor-

65 1229 85 1277 ti
98 1231 201 1296 repente
216 1228 370 1279 insidiatores
385 1244 440 1277 eum
452 1228 585 1277 tumultum
595 1238 773 1295 terroremque,
784 1231 818 1301 ,5¹²

63 1304 137 1356 latera
157 1308 276 1373 utrinque
287 1308 318 1357 ab
331 1319 452 1371 tergoque
469 1306 628 1370 incursantes,
648 1306 771 1374 secerunt,
790 1316 818 1362 ut

64 1396 146 1449 raeque
159 1384 257 1438 animus
273 1383 305 1433 ad
318 1399 435 1451 pugnam,
452 1399 531 1451 neque
548 1383 580 1435 ad
597 1382 684 1448 sugam
699 1382 753 1453 spes
765 1385 817 1435 cuii

67 1477 143 1529 quarn
157 1460 300 1527 superesset.

98 1540 204 1589 XXIX.
224 1542 299 1588 Tunc
320 1538 421 1603 Fabius,
444 1538 525 1605 primo
543 1538 652 1589 clamore
672 1540 820 1607 paventium

65 1615 164 1681 audito,
181 1615 239 1665 dein
252 1616 382 1682 conspetlfa
391 1616 477 1682 procul
492 1616 661 1677 turbataacie,
678 1620 717 1666 lta
725 1618 763 1681 est,
780 1618 819 1666 in-

65 1694 129 1759 quit,
147 1710 188 1743 non
200 1692 297 1756 celerirlr,
314 1694 380 1759 que'm
392 1684 462 1757 timui,
481 1692 620 1760 deprehendit
624 1694 718 1758 fotura
729 1696 820 1747 temeri-

67 1781 145 1821 tatem.
180 1759 250 1821 Filio
264 1780 354 1837 aquatus
372 1770 461 1837 imperio
479 1769 623 1820 Hannibalem
642 1772 668 1823 d·
686 1774 771 1824 virtute
790 1776 820 1825 dr

61 1844 295 1915 fhriundsteperierem
306 1846 378 1895 videt.
414 1846 456 1895 Sed
469 1846 529 1894 aliud
531 1844 638 1911 jurgandi
649 1846 821 1911 succensendiqre
846 1897 851 1905 ,

65 1934 154 1991 tempus
171 1925 224 1973 erit.
242 1939 296 1973 nunc
307 1922 371 1991 figna
386 1930 448 1971 extra
463 1922 544 1970 vallum
560 1922 667 1987 proferte.
701 1922 823 1971 Vitiarium

66 1999 118 2065 besti
130 2000 463 2069 extorqueamusconfeffinrem
475 1999 554 2059 erroris
569 1997 681 2072 cirillus.x
698 2000 754 2063 Jam
766 2014 820 2047 nra-

67 2094 117 2145 gna
136 2096 169 2129 ex
187 2090 258 2147 parte
274 2077 339 2129 eaesrs
354 2079 413 2138 aliis,
433 2076 486 2126 aliis
505 2075 764 2143 circumspeilantibus
780 2078 822 2128 su-

68 2174 134 2224 gam,
150 2158 262 2209 Fabiana
273 2158 298 2206 se
310 2156 373 2205 acies
385 2158 492 2223 repente,
510 2154 581 2203 velut
593 2154 654 2204 coelo
663 2154 770 2221 demissa,
787 2156 820 2209 ad
836 2183 838 2192 v

68 2236 193 2285 auxilium
207 2233 322 2285 ostendit.
357 2236 453 2299 Itaque,
472 2231 613 2299 priusquam
632 2231 663 2281 ad
679 2233 821 2299 conjectum

69 2315 110 2363 teli
119 2315 228 2376 veniret,
241 2323 290 2363 aut
304 2318 406 2363 manum
419 2310 566 2375 consereret,
584 2310 609 2360 ἃ
621 2308 677 2361 suos
686 2317 701 2361 a
711 2312 771 2378 suga
782 2312 820 2364 es-

67 2388 128 2455 susa,
145 2392 172 2443 &
191 2391 224 2439 ab
242 2390 316 2441 nimis
333 2388 410 2437 seroci
428 2404 514 2455 pugna
530 2388 611 2437 hostes
622 2388 755 2441 continuit.
774 2390 820 2455 qut

68 2466 153 2521 solutis
168 2468 301 2519 ordinibus
315 2470 378 2531 vage
393 2466 497 2534 diffipati
512 2477 590 2530 erant,
608 2468 717 2533 undique
729 2469 819 2519 confu-

68 2560 157 2613 gerunt
170 2544 204 2597 ad
220 2548 343 2613 integram
359 2545 436 2593 aciem
444 2564 451 2606 ς
468 2547 511 2611 qui
523 2546 604 2613 plures
615 2540 684 2595 smnl
693 2557 763 2613 terga
774 2548 819 2598 de·

66 2626 162 2693 derant,
175 2624 291 2677 conversi
303 2624 330 2673 in
342 2623 443 2685 hostem,
454 2624 635 2691 volventesque
645 2626 740 2690 orbem,
752 2642 820 2680 nune

67 2704 153 2755 senfim‘
163 2703 257 2754 reserre
269 2700 366 2769 pedem,
383 2716 449 2751 nune
460 2698 604 2765 conglobati
615 2702 710 2752 restare.
721 2720 756 2761 ,ac
763 2705 819 2766 jam

68 2786 143 2852 propit
153 2799 206 2833 una
214 2781 281 2831 acies
292 2778 356 2829 satia
365 2789 417 2829 erat
429 2778 571 2847 visitatque
586 2780 675 2844 integri
684 2781 818 2844 exercitos,

68 2854 258 2929 inserebantqr're
273 2860 341 2927 signa
356 2859 381 2909 in
396 2858 504 2921 hostem
520 2875 597 2927 quum
606 2862 692 2911 Poenus
706 2857 819 2925 receptui

67 2942 165 3006 cecinit,
183 2942 269 3009 palam
280 2937 375 2988 serente
386 2936 532 3007 ljannibale,
549 2938 581 2988 ab
593 2937 617 2988 se
628 2939 776 3001 Minucium,
792 2934 818 2986 se

68 3022 172 3079 aratio
184 3016 293 3077 rmum}
328 3018 369 3071 Ita
378 3032 423 3087 per
435 3019 531 3074 variam
541 3018 669 3073 tartunam
679 3018 728 3072 diei
735 3016 819 3085 majo-

251 3090 272 3103 ’“
405 3092 462 3149 Ka
486 3114 494 3125 ·’
525 3095 549 3123 ’-
787 3104 817 3147 n
