2000 3709
336 217 362 270 ι
378 219 392 270 r
410 218 430 270 n
447 215 470 268 r
485 217 511 270 a
543 186 660 270 xxvn'.
804 218 873 280 aar

61 356 67 360 .
92 305 257 359 exercitibus
268 306 387 372 militum,
406 304 562 373 scripserunt.
599 306 730 358 Urbanum
745 315 861 359 veterem

91 388 244 438 exercitum
264 386 367 440 Fulvius
389 384 474 436 consul
495 387 527 434 C.
549 376 642 435 Fulvio
662 385 754 436 flacco
773 385 860 449 legato
957 440 961 445 ,

91 465 190 529 (frater
203 467 248 516 hie
255 464 363 518 consulit
373 468 437 531 erat)
454 465 481 516 in
493 465 619 513 Etruriam
629 463 699 515 dedit
710 463 860 530 ducendum,

92 533 126 592 ἃ
136 543 258 608 legiones,
275 558 330 609 quae
339 543 365 593 in
375 542 474 592 Etruria
482 551 561 603 erant,
577 540 860 592 Romamdedueendat.
874 554 876 557 ·

67 661 72 666 .
93 621 136 670 Et
149 619 242 670 Fabius
258 621 344 671 consul
355 619 471 686 reliquias
481 618 608 670 exercitiis
620 617 737 669 Fulviani
753 618 861 686 conqui-

92 699 159 750 srtas
176 695 257 762 (sucre
271 691 356 770 autem
368 699 400 751 ad
410 699 459 750 tria
475 699 555 749 millia
566 699 672 748 trecenti
690 699 795 765 triginta
805 697 862 766 sex)

96 781 140 843 Q.
154 779 299 830 Maximum
310 778 389 829 filiurn
400 779 491 828 ducere
506 777 532 826 in
544 775 652 826 Siciliam
666 774 698 827 ad
710 772 750 836 Μ,
762 775 860 827 Valeri·

94 867 148 904 um
159 857 336 923 proconsulem
349 854 435 920 jullit:
451 846 527 920 atque
544 854 576 905 ab
593 869 625 904 eo
639 854 701 904 duae
711 854 823 919 legionen
833 851 862 907 ἃ

93 934 209 998 triginta
219 937 407 1002 quinqueremes
420 934 546 1000 accipere.
580 931 652 983 Nihil
665 933 704 983 he
719 931 812 984 eduiiae
826 945 862 985 ex

94 1011 185 1063 insula
200 1013 311 1080 legionen
327 1015 473 1066 minuerunt
488 1027 536 1062 nec
546 1010 645 1063 viribus
656 1025 702 1062 nec
714 1010 796 1079 specie
807 1010 863 1076 ejua

94 1091 244 1160 provincia
255 1090 401 1161 presidium.
418 1106 478 1141 nam
491 1105 579 1155 quum,
597 1100 686 1161 prater
698 1089 794 1155 egregie
803 1089 862 1158 sup·

95 1169 181 1237 pletas
196 1169 257 1221 duaa
271 1181 368 1222 veteres
379 1171 498 1236 legiones,
517 1168 701 1234 transfugarum
712 1169 789 1218 etiam
805 1170 864 1234 Nu<

95 1248 228 1303 aridarum
241 1251 352 1316 equitum
369 1249 531 1318 peditumque
542 1263 659 1313 magnam
678 1248 734 1298 vim
751 1246 863 1309 haberer,

97 1329 199 1378 Siculos
218 1325 326 1396 qu'oque,
343 1331 386 1396 qui
402 1331 428 1379 in
445 1328 560 1378 exercitu
579 1326 699 1394 Epicydis
715 1336 760 1376 aut
772 1328 862 1376 Poeuo·

95 1419 159 1456 rum
171 1405 279 1468 lucrant,
295 1408 354 1458 belli
373 1407 466 1474 peritos
484 1405 563 1468 viros,
580 1405 673 1454 militen
687 1401 790 1471 lcripfit.
824 1405 863 1454 Ea

99 1491 211 1531 externa
222 1483 316 1532 auxilia
328 1499 407 1550 quum
421 1480 521 1546 ungulis
533 1483 654 1530 Romania
664 1479 805 1544 legionibus
817 1477 863 1529 ad·

96 1554 232 1620 junxilstn
249 1555 355 1608 duorum
375 1555 483 1624 speciem
500 1555 658 1605 exercituum
679 1553 862 1609 servavitakal·

98 1644 159 1684 tero
172 1635 205 1684 L.
221 1635 334 1684 Cincium
348 1645 445 1702 partem
457 1633 550 1696 insula,
568 1632 617 1698 qud
628 1645 732 1696 regnum
744 1631 864 1686 Hieronit

98 1711 195 1773 fuerat,
207 1715 271 1764 tueri
280 1713 362 1778 jullit;
379 1712 458 1764 altero
470 1711 523 1780 ipse
535 1723 642 1776 ceteram
654 1711 759 1761 insulam
772 1711 862 1762 ruebaa

100 1803 157 1856 tut,¹
171 1791 280 1844 divisam
296 1793 425 1860 quondam
441 1792 550 1844 Romani
566 1791 702 1857 Punicique
714 1793 813 1859 imperii
824 1792 861 1842 fi-

98 1868 196 1934 nibus·;
218 1871 289 1922 claffo
308 1884 409 1939 quoque
421 1872 527 1941 nauium
543 1868 698 1938 septuaginta
716 1870 815 1937 partita,
831 1880 863 1925 ut

44 1944 64 1986 'r
99 1950 175 2000 omni
192 1949 289 2000 ambitu
306 1951 426 2000 littorum·
437 1949 546 2018 praefidia
564 1965 615 1998 orae
632 1951 762 2002 maritima
773 1947 860 2001 client.
934 1949 938 1957 ’

100 2027 161 2096 Ipse
173 2043 230 2078 cum
242 2029 349 2083 Mutinis
361 2029 473 2095 equitatu
486 2029 644 2097 prouinciam
654 2030 814 2098 peragrabat,
832 2040 862 2082 ut

99 2107 197 2158 viseret
211 2113 292 2172 agros,
310 2109 427 2176 cultaque
438 2110 471 2159 ab
486 2109 586 2160 incultis
597 2119 706 2174 notaret,
722 2109 863 2178 &perinde

98 2183 219 2236 dominos
235 2186 347 2237 laudaret
364 2187 551 2254 castigaretque.
589 2191 628 2238 lta
644 2199 739 2239 tantum
760 2190 789 2238 ea
801 2190 862 2240 curi

99 2261 222 2314 frumenti
240 2265 366 2330 provenit,
385 2273 413 2313 ut
430 2265 455 2315 tt
473 2268 581 2315 Romam
598 2267 719 2330 mitteret,
737 2267 763 2317 u
784 2271 860 2318 Cata·

99 2355 161 2390 nam
173 2343 333 2406 conveheret,
350 2340 418 2392 unde
428 2344 561 2406 exercitui,
579 2343 666 2411 qui-ad
675 2349 816 2397 Tarentum
826 2363 861 2399 2·
960 2367 965 2379 ¹

99 2418 166 2472 liiva
178 2419 274 2471 attur-uc
285 2418 352 2485 aller,
371 2420 450 2488 pollet
461 2422 575 2489 praeberi.

68 2541 70 2544 .
134 2501 185 2550 IX.
203 2501 322 2550 Ceterum
334 2499 494 2568 transportati
507 2502 598 2552 militer
609 2503 635 2552 in
648 2503 755 2554 Siciliam
777 2503 813 2566 (ἃ
824 2517 857 2567 eq

99 2587 158 2627 rant
174 2575 258 2642 major
275 2593 331 2645 part
348 2578 433 2630 Latini
451 2580 558 2630 nominis
576 2579 760 2647 sociorumque)
778 2595 859 2648 prope

99 2653 186 2718 magni
205 2655 288 2706 motus
307 2654 380 2706 eausa
391 2655 475 2706 fuere:
495 2657 558 2707 adeo
575 2671 610 2708 ex
628 2660 713 2725 parvis
724 2656 786 2722 l'aepe
799 2672 860 2706 rna·

101 2745 208 2796 gnarum
219 2745 345 2784 momenta
354 2748 437 2788 rerum
454 2735 572 2802 pendent.
607 2737 729 2786 Fremitus
741 2732 808 2783 c'ninr
820 2735 859 2785 in·

101 2821 141 2862 ter
152 2811 257 2862 Latinos
268 2810 398 2878 sociosque
413 2813 439 2863 in
454 2815 566 2864 conciliis
579 2827 665 2866 ortus:
685 2813 801 2863 Decimum
813 2829 859 2862 an-

99 2905 152 2940 num
163 2887 283 2952 delemus,
294 2889 411 2958 stipendiis
425 2891 532 2956 exhaustos
543 2890 590 2959 effe.
607 2893 719 2961 quotannis
724 2893 801 2958 ferme
812 2891 859 2941 cla·

101 2964 128 3014 de
139 2967 220 3033 magud
233 2977 340 3032 pugnare.
375 2967 442 3017 Alios
457 2968 480 3016 in
497 2969 543 3017 acie
557 2970 631 3033 occidi,
648 2966 702 3017 alios
712 2966 784 3017 morlo
794 2965 858 3034 alsa·

100 3043 150 3096 mir
167 3043 239 3113 magis
246 3044 322 3111 perire
326 3042 369 3112 stit
382 3046 463 3114 civem,
480 3045 555 3116 quial
566 3049 662 3100 maro
672 3045 735 3098 miles
746 3045 858 3112 leliusfit,

519 3145 523 3151 ,
787 3127 859 3194 im
