2000 3709
261 273 432 325 LIBER
464 271 568 324 xxiii.
666 301 689 328 ι
743 279 794 336 att

76 361 209 428 poptlalm
216 363 340 432 servorsub
352 365 409 430 basta
420 367 565 426 venditurum,
581 363 646 412 villar
656 362 799 431 iacenfim.

79 442 110 487 Ne
116 441 248 506 pratotibus
260 443 372 510 quidem,
388 444 431 509 qui
442 443 473 492 ad
488 443 529 505 jus
543 441 673 492 dicendum
685 444 761 492 creati
772 455 801 492 e·

76 529 126 581 rant,
141 522 234 570 vacatio
245 511 276 571 ab
288 516 570 572 belliadminillrationc
580 521 637 571 data
648 523 691 572 cst.
725 524 802 572 Vale-

74 595 126 645 n'um
136 609 259 664 pretorem
271 603 298 652 in
318 603 436 670 Apuliam
450 603 485 650 ire
497 602 599 669 placuit,
616 601 647 652 ad
662 603 803 653 exercitum

73 675 83 718 i
94 675 201 726 Terentio
208 679 396 746 accipiendum:
415 693 491 744 quum
502 693 536 728 ex
548 678 631 728 Sicilia
640 677 748 742 legiones
756 695 804 729 ve·

72 749 151 813 iissent,
167 755 197 806 iit
206 757 361 824 potillimtint
373 759 409 810 uti
423 757 454 806 ad
469 758 577 822 regionis
588 758 641 821 ejus
649 756 805 826 presidium:

64 829 234 884 -Terentianum
245 837 315 886 mitti
327 851 385 886 cum
396 835 481 901 aliquo
492 835 642 898 legatorum.
668 838 700 884 Et
710 837 805 901 viginti

71 905 162 971 quinque
181 925 256 961 navet
277 915 319 962 M.
341 910 444 964 Valerio
462 912 525 962 data
542 911 607 975 sunt,
623 912 713 978 quibua
732 930 805 966 oram

70 984 199 1036 maritimam
210 990 275 1041 inter
291 989 448 1042 Brundisium
465 1005 494 1040 ac
509 993 648 1040 Tarentum
659 993 734 1042 tutari
746 992 805 1059 pos-

71 1057 107 1109 stt.
136 1065 179 1114 Par
188 1069 295 1119 navium
310 1084 428 1119 numerus
441 1070 474 1133 Q.
487 1069 579 1119 Fulvio
597 1070 696 1136 praetori
707 1071 806 1122 urbano

69 1133 162 1188 decretm
178 1142 208 1192 ad
225 1143 371 1210 suburbana
388 1146 474 1194 littora
491 1144 603 1196 tutanda.
638 1149 668 1194 c.
680 1148 807 1198 Terentio

71 1216 195 1276 proconsuli
211 1223 347 1284 negotium
366 1221 461 1283 datum,
478 1230 508 1268 ut
524 1220 550 1269 in
567 1221 659 1272 Piceno
670 1237 732 1286 agro
742 1236 815 1272 con-·

71 1290 209 1352 quistionem
220 1299 334 1349 militum
352 1299 462 1361 haberet,
479 1297 589 1364 locisque
600 1299 630 1348 iit
647 1299 759 1365 prasidio
769 1297 807 1348 es·

71 1363 108 1416 set.
136 1373 167 1420 iit
178 1375 213 1421 Tc
226 1377 354 1425 Otacilius
367 1374 470 1438 cretius,
487 1375 614 1442 postquam
626 1373 702 1424 aedem
714 1375 809 1426 Mentis

71 1441 218 1514 incapitolio
236 1453 377 1516 dedicavit,
395 1453 421 1503 in
439 1453 546 1503 Siciliam
563 1468 621 1504 cum
631 1453 747 1521 imperio,
764 1455 818 1522 qui·

71 1520 124 1572 dasli
134 1529 248 1594 praelier,
265 1531 362 1582 mitius.

100 1603 218 1655 XXXIII.
236 1611 267 1658 In
284 1596 351 1660 h‘anc
372 1608 558 1658 dimicationem
576 1607 683 1658 duorum
704 1611 810 1678 opulen-

72 1677 202 1734 tillimorum
214 1687 326 1740 interris
338 1688 486 1756 populorum
498 1703 585 1755 omnes
595 1703 665 1754 reget
676 1691 810 1756 gentesque

73 1757 155 1809 animos
163 1763 332 1818 intenderant.
350 1769 415 1818 inter
426 1783 487 1832 quos
499 1767 627 1834 Philippus
638 1769 809 1820 Macedonum

74 1846 118 1898 1⁸1,
134 1853 161 1890 eo
177 1849 263 1912 magis,
284 1846 353 1914 qudd
371 1848 472 1914 propior
490 1846 576 1910 Italia,
593 1861 623 1894 ac
633 1848 697 1895 mari
713 1852 823 1900 tanturn.

73 1912 135 1966 inuio
151 1917 269 1975 discretus
290 1935 354 1975 erat.
388 1928 412 1975 ts
428 1924 471 1974 ubi
494 1925 604 1990 primum
621 1922 688 1972 sama
703 1923 811 1989 accepit,

76 1991 224 2051 Hannibalem
237 2005 314 2072 Alpes
327 2001 508 2068 transgressum,
524 2002 630 2052 ut’bello
642 2002 706 2051 inter
717 2005 812 2052 itoma-

75 2082 111 2119 not
127 2076 273 2148 Poenutnque
291 2091 351 2132 orto
367 2081 462 2131 laeta‘tus
479 2091 541 2142 erat,
566 2081 609 2143 ita,
625 2080 706 2130 utriut
723 2079 812 2148 populi

76 2150 147 2202 mallet
156 2155 288 2212 vitiorum
306 2159 363 2223 else,
379 2161 479 2211 incertis
490 2159 572 2209 adhuc
586 2159 690 2221 vitibus,
707 2157 811 2210 fludua-

77 2231 196 2285 turannio
212 2239 305 2294 suerat.
340 2240 470 2306 Postquam
483 2238 557 2287 tertia
565 2236 618 2300 jam
629 2252 719 2304 pugna,
737 2239 812 2290 tertia

77 2304 167 2359 tilloria·
184 2331 241 2368 cum
260 2318 342 2370 Poenis
359 2327 419 2381 erat,
436 2315 468 2366 ad
482 2315 609 2365 loctunam
622 2315 758 2379 inclinavit,
775 2316 813 2366 le·

80 2384 183 2451 gatosque
200 2393 230 2444 ad
251 2395 418 2446 Hannibalem
435 2391 516 2443 milit:
534 2392 586 2458 qui,
606 2392 713 2443 vitantes
723 2405 811 2460 portus
876 2457 879 2462 Ι

78 2456 232 2534 andismum
251 2473 478 2538 Tarentinumque,
494 2472 554 2538 quia
569 2469 684 2520 custodiis
704 2471 823 2523 naviuin*

79 2535 232 2600 Romanantm
244 2552 401 2616 tenebantur,
410 2549 441 2600 ad
452 2550 562 2599 Lacinia
572 2549 677 2614 Junonis
688 2552 809 2617 templum
821 2582 823 2587 ·

80 2611 100 2662 in
110 2627 191 2688 tetram
203 2630 290 2693 egresli
301 2631 365 2680 sunt.
384 2629 500 2697 Indeper
512 2629 630 2697 Apuliam
642 2639 751 2696 petentes
762 2635 810 2679 Ca·

80 2705 149 2760 ptam,
165 2705 245 2758 media
258 2710 284 2756 in
297 2708 404 2774 praesidia
417 2711 531 2756 Romana
539 2707 599 2756 illati
608 2706 683 2756 sunt:
700 2707 810 2758 dedunt-

83 2779 121 2832 ‘lue
130 2776 158 2826 ad
169 2783 206 2833 M.
216 2787 346 2836 Valerium
356 2785 487 2837 Larinum
496 2796 637 2852 pretorem,
653 2787 717 2836 circa
727 2789 812 2835 Nuce·

81 2848 133 2900 n'a'tn
146 2859 216 2910 calita
233 2864 373 2916 habentem.
408 2865 447 2914 Ibi
463 2864 582 2932 intrepide
599 2865 764 2929 Xenophanen
774 2863 811 2910 le-

85 2929 176 2984 numu
187 2941 307 3008 princeps,
323 2947 340 2993 a
356 2937 471 3010 Philippo
488 2958 546 3007 rege
560 2941 584 2994 se
594 2941 700 3003 missum,
717 2941 760 3000 ait,
778 2939 811 2991 ad

86 3003 204 3063 amicitiam
215 3013 404 3087 societatemque
418 3020 568 3084 jungendam
579 3035 637 3070 curn
648 3016 743 3082 populo
757 3018 812 3065 Ro·

84 3083 162 3151 ΨΜ
171 3093 291 3150 mandata
301 3095 390 3150 habete
400 3095 596 3228 ignomniniae
606 3093 717 3150 sonuum
727 3106 814 3219 qoutge

114 3197 129 3216 ,,
452 3187 467 3226 2
796 3190 813 3234 3
