2000 3709
348 224 372 276 L
390 225 403 274 1
421 223 439 273 B
457 223 518 274 alt
552 219 671 279 xxvtt.
817 221 870 282 Μ’

109 322 153 362 tra
164 301 236 362 usum
253 308 414 362 necessarium
426 311 567 361 sumerent:
585 310 648 360 nihil
659 305 761 371 morari,
778 322 824 358 nee
835 307 870 358 ab

111 387 188 454 signis
201 389 311 440 ablillcre
327 391 411 440 cibum
428 390 570 454 capientes:
588 387 655 437 diem
666 402 696 436 ac
706 385 804 436 nosiem
816 388 869 435 ire:

113 470 173 529 vix,
191 467 258 533 quod
270 465 325 516 satis
334 465 365 515 ad
378 465 489 515 n‘aturale
500 463 646 514 desiderium
659 477 793 530 corporum
802 462 870 526 esset,

114 545 197 612 quieti
209 545 276 596 dare.
311 547 343 594 Et
355 545 385 594 ad
398 543 519 608 collegam
531 540 645 610 praemissi
655 537 735 605 erant,
752 540 796 607 qui
804 555 870 589 nun·

114 624 212 672 clarent
228 623 373 685 adventum,
397 620 671 688 pereundarenturquc,
694 618 758 668 clam
775 633 807 667 an
825 633 870 684 pa·

115 700 176 763 lam,
195 700 302 750 interdiu
319 715 351 748 an
368 698 451 763 noslu,
469 700 557 748 venire
575 696 625 746 sese
636 697 721 760 vellet,
739 697 825 746 iisdem
836 711 871 746 au

116 780 174 828 aliis
195 778 320 830 confidere
332 777 421 828 callris.
457 777 538 828 Notie
549 777 613 826 clam
624 774 720 840 ingredi
731 774 819 824 melius
831 774 871 823 vi·

121 853 175 906 sum
188 857 230 906 eli.

151 937 248 983 XLVI.
267 933 369 983 Tessera
384 947 429 999 per
440 930 517 987 casira
528 930 560 980 ab
571 929 651 980 Livio
662 928 763 980 consule
774 928 832 979 data
843 943 871 980 e·

112 1019 162 1072 rat,
180 1018 209 1057 ut
226 1010 353 1060 tribunum
371 1009 493 1069 tribunus,
512 1007 626 1056 centurio
643 1007 825 1075 centurionem,
842 1021 870 1055 e·

111 1102 173 1153 ques
191 1089 309 1152 equitem,
327 1085 401 1152 pedes
417 1085 526 1150 peditem
544 1083 677 1150 acciperet.
703 1097 784 1149 neque
802 1084 870 1133 enim

112 1165 212 1216 dilatari
230 1165 313 1214 casira:
324 1180 389 1230 opus
405 1161 459 1223 else,
478 1179 509 1210 ne
528 1153 602 1211 stollis
619 1162 755 1212 adventum
769 1163 871 1212 alteriue

114 1240 222 1294 consulis
234 1245 349 1293 sentiret:
368 1242 392 1291 ἃ
404 1242 530 1290 coartatio
541 1231 649 1308 plurium
662 1243 688 1290 in
699 1240 802 1304 angullo
815 1253 871 1290 ten-

113 1319 226 1370 dentium
239 1321 336 1372 facilior
353 1321 436 1370 sutura
452 1330 512 1381 erat,
531 1319 598 1385 quod
611 1319 872 1368 Claudianuscxerci

113 1406 155 1446 tus
167 1397 228 1446 nihil
245 1397 332 1458 serme,
350 1387 438 1464 praeter
448 1394 528 1459 arma,
546 1395 628 1445 secum
644 1396 670 1445 in
678 1395 870 1462 expeditionem

114 1474 227 1524 tulerat
252 1479 370 1524 Ceterum
388 1474 412 1523 in
431 1471 484 1540 ipso
502 1475 591 1523 itinere
609 1473 708 1523 autrum
720 1473 871 1524 voluntariis

62 1609 65 1615 Α
113 1565 206 1615 agmen
218 1563 283 1611 erat;
302 1549 463 1601 offerentibus
475 1550 526 1599 sese
542 1551 611 1600 ultro
623 1550 648 1600 ἃ
664 1551 792 1600 veteribus
802 1551 870 1601 mili·

95 1629 182 1698 ‘tibur
195 1629 327 1696 perfundis
336 1630 390 1694 jam
405 1629 502 1692 militid,
520 1630 545 1678 ἃ
554 1629 699 1692 juvenibus,
717 1642 780 1694 quos
789 1640 870 1680 certa·

113 1709 160 1758 tim
173 1708 275 1757 nomina
287 1707 381 1770 dantes,
393 1703 415 1756 'fi
427 1722 533 1771 quorum
545 1708 658 1772 corporis
669 1707 760 1772 species
772 1708 868 1757 robur-

112 1799 163 1852 que
181 1785 275 1835 virium
292 1779 378 1852 aptum
396 1784 655 1846 militia-videbatur,
678 1784 867 1852 conscripserat.

112 1864 156 1914 Ad
173 1869 260 1914 Senam
279 1865 354 1914 callra
371 1865 471 1914 alterius
483 1863 590 1933 consulis
601 1874 687 1912 erant:
705 1863 731 1914 ἃ
743 1865 866 1930 quingen·
879 1875 888 1892 ·

111 1951 152 1991 tos
162 1940 219 1990 inde
230 1940 308 1990 ferme
321 1939 399 2008 passus
411 1939 549 1990 Hasdrubal
562 1940 655 1988 aberat.
691 1941 778 2006 Itaque
789 1957 868 2007 quum

109 2019 164 2084 jam
181 2021 401 2086 appropinquaret,
422 2018 499 2068 tesius
518 2019 646 2067 montibus
663 2018 768 2068 substitit
788 2022 867 2086 Nero,

111 2110 144 2146 ne
156 2105 213 2144 ante
226 2098 323 2146 nollem
339 2097 413 2146 casira
429 2095 606 2160 ingrederetur.
640 2095 744 2147 silentio
761 2097 867 2161 ingressi,

87 2187 96 2204 ⁸
111 2174 145 2224 ab
160 2175 197 2223 sui
213 2173 315 2240 quisque
331 2167 425 2225 ordinis
440 2175 623 2225 hominibur‘iu
639 2177 746 2226 tentoria
757 2175 866 2242 abducis,

110 2265 169 2301 cum
182 2251 277 2301 summa
295 2253 408 2301 omnium
426 2253 511 2302 laetitia
528 2252 683 2319 hospitaliter
693 2255 864 2321 excipiuntur.

111 2329 212 2380 Postero
227 2327 266 2377 die
282 2328 554 2390 concilium'habitum,
572 2331 612 2379 cui
625 2331 649 2380 dt
659 2333 690 2379 L.
705 2333 807 2381 Porcius
819 2332 865 2381 Li·

109 2406 181 2454 cinus
201 2415 293 2472 praetor
308 2405 397 2455 adsuit.
435 2405 617 2470 Castra-junsia
633 2407 764 2462 consulum
781 2409 864 2460 caslria

109 2481 234 2532 habebat:
254 2483 278 2531 ἃ
294 2493 350 2532 ante
364 2481 500 2532 adventurn
516 2499 612 2543 eorum,
629 2499 674 2551 per
687 2475 743 2535 lo'ea
754 2486 804 2535 alta
815 2485 862 2536 du·

110 2560 191 2610 tendo
209 2559 356 2622 exercitum,
375 2574 452 2627 quum
470 2561 547 2610 modo
559 2563 673 2612 insideret
683 2565 798 2628 angustor
815 2565 864 2614 sal-

109 2645 157 2699 tut,
176 2637 339 2690 uttransrtum
356 2637 488 2701 clauderet,
507 2638 584 2689 modo
593 2641 625 2690 ab
634 2641 712 2691 latere
721 2653 766 2690 aut
773 2643 805 2692 ab
814 2653 864 2694 ter·

109 2729 144 2779 go
161 2726 272 2781 carperet
288 2723 386 2780 agmen,
405 2716 545 2768 ludificatus
565 2719 787 2771 hostemomuibur
803 2722 865 2772 arti·

109 2792 156 2842 bur
168 2791 226 2840 belli
242 2789 330 2842 suerat.
351 2795 371 2844 ir
383 2805 436 2844 turn
449 2795 474 2844 in
486 2796 595 2846 concilio
604 2797 698 2847 aderat.
721 2799 864 2850 Multorum

109 2874 140 2919 eo
152 2871 273 2920 inclinant
284 2871 417 2933 sententia,
434 2883 471 2935 ut,
489 2872 549 2924 dum
560 2875 647 2925 sessum
662 2878 705 2924 viai
721 2892 752 2926 ac
769 2877 864 2942 vigiliis

109 2947 222 2998 reficeret
233 2949 339 3000 militem
352 2953 428 3014 Nero,
447 2951 515 3002 simut
528 2953 553 3002 dr
565 2954 595 3003 ad
606 2952 755 3004 noscendum
768 2957 863 3009 hostem

108 3039 202 3098 paucae
222 3025 267 3079 srbi
283 3026 391 3082 sumeret
409 3027 469 3096 dies,
488 3040 587 3104 ternpus
604 3047 695 3103 pugne
713 3030 862 3088 differretur.

806 3115 860 3166 Ne·
