2000 3709
286 304 582 365 Llniittxxl't.
772 321 813 379 rii

67 394 259 466 §incubuissenb
272 390 342 453 'inter
355 405 479 469 jumenta,
496 406 521 456 ἀ
536 406 587 473 ipsa
602 390 713 469 jacentia
723 407 817 473 passim,

66 474 205 525 morientes.
224 480 387 545 maximeque
404 486 516 531 omnium
532 482 625 546 vigilie
643 482 820 547 conficiebant,

65 566 106 617 per
116 554 283 617 quatriduum
298 558 353 621 jam
372 558 399 607 ἃ
417 568 465 608 trec
476 559 689 610 nolleatoleratae.
724 564 820 625 Quum,

65 633 148 681 omnia
159 634 336 685 obtinentibus
347 637 428 702 aquis,
444 638 514 701 nihil,
525 639 569 688 ubi
580 638 681 689 insieco
692 638 750 689 sessa
762 640 820 688 siet·

65 721 150 759 nerent
169 729 290 782 corpora,
313 716 423 765 inveniri
442 715 527 783 pollet,
550 718 679 768 cumulatis
698 720 724 769 in
744 732 822 785 aquae

65 786 162 839 sarcinis
174 793 279 861 insuper
288 794 478 844 incumbebant.
499 796 667 859 jumentorum
678 798 768 846 itinere
779 806 820 847 to·
848 811 851 822 ¹

65 876 92 916 to
102 870 287 936 prostratorum
306 872 391 939 paslim
408 874 491 923 acervi
507 877 613 940 tannim,
630 875 698 939 quod
715 877 823 927 exilaret

66 949 134 1011 aqui,
152 951 326 1015 quaercntibus
342 950 373 1000 ad
392 952 498 1017 quietem
514 953 586 1020 parvi
598 954 718 1020 temporit
736 952 831 1005 necess

66 1023 155 1075 sarium
167 1030 256 1093 cubile
267 1030 371 1079 dabant.
406 1030 461 1096 Ipse
472 1031 605 1092 Hannibal,
616 1046 680 1097 aget
690 1034 777 1095 oeulis,
788 1041 823 1085 ex

67 1118 142 1153 verna
153 1107 271 1173 primum
281 1105 432 1175 intemperie
443 1110 554 1159 variante
566 1110 659 1161 catores
669 1110 822 1178 frigoraque,

67 1184 211 1251 elephanto,
230 1188 274 1253 qui
292 1200 357 1237 unus
374 1182 534 1254 superfuerat,
551 1200 604 1254 quo
617 1190 690 1239 altius
706 1192 740 1241 ab
756 1204 827 1257 aquo

67 1264 183 1328 exstaret,
201 1265 303 1327 vellum
320 1266 413 1331 vigiliis
428 1266 525 1317 tandem
542 1267 567 1317 ἃ
584 1266 707 1319 notiumo
717 1270 824 1319 humore

67 1340 220 1407 palustrique
232 1344 295 1395 coelo
307 1354 427 1409 gravante
442 1355 523 1411 caput,
541 1346 567 1395 ἃ
578 1347 637 1411 quia
648 1346 767 1397 medendi
778 1358 824 1398 nec

68 1418 136 1469 locus
147 1436 197 1471 nec
207 1430 307 1489 tempus
319 1430 380 1488 erat,
398 1422 475 1470 altero
489 1421 564 1472 oeuio
575 1424 682 1489 capitur.

101 1499 153 1546 111.
180 1493 272 1547 Multis
292 1497 435 1549 hominibus
452 1497 619 1565 jumentisque
639 1496 703 1547 stede
725 1496 825 1567 amisit,

70 1588 146 1639 quum
160 1573 262 1623 tandem
274 1574 304 1623 de
322 1572 451 1641 paludibus
466 1574 604 1637 emetfislet,
620 1573 665 1623 ubi
678 1574 787 1642 primum
798 1575 825 1625 in

70 1650 133 1699 ficco
154 1653 250 1717 potnit,
267 1650 343 1700 casira
361 1651 444 1701 locat:
458 1659 609 1717 certumque
626 1666 672 1718 per
690 1651 826 1719 premissos

71 1730 245 1797 exploratores
262 1728 358 1789 babuit,
375 1730 674 1779 exercitum-Romanum
693 1730 759 1781 circa
775 1734 825 1780 At-

71 1807 127 1873 retii
144 1807 239 1855 moenia
251 1800 311 1853 'esse
329 1802 436 1853 consulis
452 1802 542 1855 deinde
559 1804 660 1855 consilia
677 1815 752 1870 atque
768 1807 825 1855 ani-

73 1898 151 1946 mum,
169 1883 195 1933 ἃ
215 1883 288 1935 situm
308 1882 448 1947 regionum,
473 1883 619 1949 itineraque,
642 1880 671 1932 st
688 1884 774 1949 copias
792 1882 825 1933 ad

74 1972 230 2011 commeatus
247 1950 424 2027 etpediendos,
442 1960 468 2010 ἃ
485 1970 576 2024 cetera,
595 1974 651 2026 quie
666 1958 783 2025 cognosse
798 1960 827 2009 in

73 2052 126 2089 tem
137 2048 199 2101 erat,
206 2037 303 2088 'surnma
315 2037 401 2089 omnia
412 2050 469 2086 cum
479 2052 539 2088 cura
547 2036 696 2103 inquirendo
707 2034 826 2101 exseque·

74 2118 157 2167 bantr.
192 2117 273 2181 Regio
293 2117 389 2165 eratin
409 2116 494 2181 primis
514 2116 593 2165 italie
612 2115 707 2177 sertilit,
727 2113 827 2164 Etrusci

76 2195 169 2263 campi,
186 2197 228 2260 qui
241 2194 345 2245 Faefirlas
355 2196 420 2243 inter
432 2196 608 2258 Arretiumque
616 2193 708 2257 jacent,
717 2191 836 2251 srumem

77 2277 137 2325 tiae
148 2272 245 2341 pecoris
257 2274 282 2323 ἃ
294 2272 411 2323 omniurn
422 2272 495 2339 copii
505 2282 588 2321 terum
597 2271 722 2338 opulenti.
758 2274 826 2321 Con-

78 2353 113 2402 sul
123 2352 198 2401 serox
214 2351 248 2401 ab
264 2350 394 2401 consulatu
406 2351 495 2417 priore,
513 2349 539 2398 st
549 2364 601 2398 non
615 2348 691 2397 modu
701 2348 786 2412 legum
796 2362 828 2399 ac

77 2434 176 2481 Patrum
186 2428 326 2495 majestatie,
344 2427 385 2478 sed
401 2442 432 2477 ne
448 2431 562 2477 Deorinn
578 2426 680 2493 quidem
696 2426 754 2477 satie
772 2442 826 2477 me-

78 2520 157 2559 tuens.
190 2510 263 2557 Hanc
276 2507 374 2557 insitam
386 2506 486 2568 ingenio
503 2505 556 2569 ejus
569 2506 732 2554 temeritatem
743 2505 825 2555 sortu-

78 2604 109 2639 na
119 2584 240 2656 prospero
257 2584 375 2635 civilibus
392 2582 535 2651 bellicisque
553 2582 626 2638 rebus
641 2580 748 2633 successu
758 2584 827 2633 alue-

77 2676 123 2715 rat.
159 2666 248 2729 Itaque
268 2661 325 2712 satis
341 2662 484 2729 apparebat,
500 2676 548 2711 noe
565 2662 633 2709 Deos
650 2675 697 2709 nee
712 2660 828 2712 hominen

77 2741 255 2803 consulentem,
272 2739 389 2789 ferociter
399 2740 483 2789 omnia
497 2754 527 2800 ac
538 2752 695 2805 praepropere
704 2736 827 2791 acturum.

76 2822 177 2885 qunque
189 2818 295 2885 pronior
312 2818 369 2866 esset
385 2818 412 2867 in
428 2818 491 2868 vitia
509 2815 560 2877 sua,
575 2817 670 2880 agitare
686 2830 743 2865 euin
754 2826 829 2880 atque

76 2898 175 2947 irritare
192 2896 282 2943 Poenut
300 2904 383 2960 parat:
401 2894 434 2958 ἀ,
451 2893 514 2944 laevi
530 2892 706 2954 insitionum,
724 2889 829 2941 Faesulat

78 2986 174 3042 petens,
181 2971 268 3021 medio
276 2972 380 3021 Etruriae
391 2986 452 3037 agro
462 2971 598 3039 preditum
609 2968 740 3037 prosesius,
749 2981 829 3033 quan·

77 3062 131 3099 tam
142 3049 283 3099 maximam
293 3047 430 3099 vastitatem
443 3050 530 3115 potell,
542 3044 648 3099 caedibus
658 3043 827 3109 incendiisque

78 3126 177 3182 metm
189 3126 279 3196 procul
289 3124 401 3180 ostendit.
420 3126 563 3193 flaminius,
579 3125 665 3192 qui-ne
675 3123 761 3190 quieto
770 3137 829 3233 pp&
