2000 3709
122 245 173 304 nt
386 247 422 298 τ.
458 225 616 299 crvr1
662 229 668 238 ’
742 216 746 219 ’

117 335 172 380 tum
185 332 220 382 eis
232 331 316 396 fidens,
335 347 455 402 quantum
474 337 506 386 ab
523 337 592 388 holle
603 337 685 388 timeri
695 353 741 388 cot
748 336 876 390 credebat.

118 403 171 471 ipse
188 407 303 460 dextrum
325 429 401 463 cornu
420 412 538 463 adversus
556 417 597 462 M.
612 415 717 464 Livium
737 415 782 465 libi
800 425 877 481 atque

119 482 236 550 Hispanis
252 487 289 549 l&
309 490 343 537 ibi
356 489 465 538 maxime
481 491 507 538 in
519 501 604 540 vetere
615 491 696 539 milite
713 489 782 556 spem
794 491 878 540 habe-

119 555 172 623 btt)
191 561 300 630 sumpsit.
336 567 439 628 Ligures
451 567 477 615 in
490 567 575 616 medio
586 568 640 633 poll
651 569 800 635 elephantos
808 566 877 635 posi·

118 637 138 690 tl
147 657 154 699 3
173 639 213 691 sed
226 642 333 706 longior,
351 641 424 710 quim
436 646 521 706 latior,
538 646 602 694 acies
617 658 679 696 erat.
715 647 805 696 Gallos
816 659 877 713 pro·

118 715 216 764 minens
229 717 297 768 collis
313 723 421 780 tegebat.
460 720 581 780 Easrous,
598 735 672 786 quam
685 720 791 788 Hispani
807 732 877 770 tene·

118 790 189 854 bunt,
208 808 264 842 cum
278 795 370 846 finistro
383 799 551 846 Romanorum
561 812 640 845 comu
651 799 789 846 concurrit.
808 797 877 846 dex·-

119 877 158 917 tra
180 872 260 921 omnis
280 875 344 922 acies
356 885 427 924 extra
441 875 554 940 proelium
565 876 675 924 eminens
687 873 804 923 cessabat.
821 875 875 924 col-

117 944 147 996 lis
159 948 287 1013 oppositus
299 951 407 1011 arcebat,
416 967 447 999 ne
459 963 504 1000 aut
514 956 528 1000 i
540 953 631 1013 sronte‚
643 962 688 1000 aut
697 952 731 1000 ab
742 951 820 1001 latere
830 966 876 1015 ag-

72 1071 79 1084 ,
118 1024 289 1089 gredercntur.
324 1031 392 1078 Inter
416 1030 519 1078 Livium
539 1028 767 1094 Hasdrubalemque
786 1030 875 1093 ingene

117 1101 273 1155 eontraslum
293 1118 417 1156 certamen
435 1117 496 1169 erat,
516 1117 641 1171 atroxque
660 1107 737 1158 cades
754 1108 875 1174 utrinque

116 1180 246 1231 edebatur.
266 1185 300 1234 ibi
314 1183 387 1234 duces
399 1186 482 1246 ambo,
501 1185 537 1232 ibi
550 1199 606 1250 part
620 1185 702 1248 major
716 1185 831 1251 pediturn
843 1199 875 1233 e·

980 406 991 432 ί

982 459 997 762 l

977 955 997 1017 ³.

56 1251 64 1264 '
117 1259 265 1324 quitumque
279 1263 464 1312 Romanorum:
483 1262 519 1309 ibi
531 1260 644 1326 Hispani,
662 1270 733 1310 vetus
745 1261 817 1312 miles
825 1276 875 1328 pe-
977 1261 994 1305 ‘¹

116 1333 229 1401 titusque
245 1339 363 1388 Romane
374 1353 471 1404 pugnae,
490 1337 517 1386 ec
526 1339 639 1401 Ligures,
655 1336 748 1386 dunum
760 1339 786 1388 in
798 1338 874 1388 armit

118 1425 205 1476 genus.
224 1415 313 1464 cddem
324 1415 388 1465 versi
400 1415 534 1482 elephanti,
550 1413 595 1480 qui
610 1416 692 1482 primo
707 1417 806 1483 impetu
816 1427 875 1466 tur-⁶
897 1459 903 1471 ,
990 1462 993 1477 ,

117 1489 242 1552 baverant
259 1493 438 1558 antesgnauoe,
457 1494 482 1544 ἃ
496 1493 551 1557 jam
566 1494 633 1559 figite
649 1487 874 1545 moverant‘locot

116 1567 215 1631 deinde,
233 1570 358 1621 crescente
376 1571 555 1621 certamine&
575 1573 693 1633 clamore,
709 1573 875 1640 impotentior

114 1646 170 1713 jam
182 1650 242 1712 regi,
255 1649 281 1700 ἃ
293 1651 358 1700 inter
369 1651 429 1700 duas
440 1650 506 1701 acics
515 1649 618 1712 versari,
633 1651 705 1700 velut
712 1653 802 1700 incerti
811 1665 876 1716 quo·

116 1739 173 1776 tum
186 1725 274 1778 essent:
293 1729 358 1780 haud
370 1729 519 1780 dissimiliter
529 1731 638 1780 navibus
652 1729 703 1778 fine
713 1730 873 1792 gubernacu-

116 1801 143 1854 lo
156 1805 236 1868 vagis.
272 1807 397 1869 Claudius,
417 1805 478 1872 ¹(Qn'd
494 1821 544 1873 ergo
561 1807 666 1876 precipiti
683 1807 744 1872 curJir
759 1813 807 1855 tam
826 1805 875 1855 lor·
978 1832 988 1893 -Ι

113 1897 170 1950 gum
187 1885 230 1932 iter
246 1883 323 1950 emrufi
333 1886 432 1950 fumus?
456 1885 584 1934 clamitant
600 1884 730 1955 militibus,
748 1893 827 1948 quum
845 1884 874 1934 in

117 1959 250 2010 adversum
268 1963 358 2024 collem
376 1962 463 2012 frustra
480 1962 546 2026 signa
570 1964 664 2024 erigere
681 1972 785 2012 conatus
806 1960 875 2024 esser,

117 2038 248 2106 postquam
258 2043 287 2090 ea
300 2044 402 2105 regione
415 2042 538 2108 penetrari
553 2039 586 2089 ad
598 2041 693 2090 hostem
707 2056 759 2090 non
769 2039 877 2089 videbat

117 2113 199 2184 posse,
218 2119 335 2169 cohortes
347 2121 444 2185 aliquot
455 2117 585 2168 subductas
595 2119 610 2170 ὲ
621 2118 711 2168 dextro
720 2133 808 2181 cornu,
827 2117 876 2167 ubi

116 2194 247 2246 stationem
259 2197 337 2262 magis
350 2199 457 2262 segnem,
475 2201 550 2262 quam
556 2211 677 2263 pugnarn,
695 2195 806 2246 suturam
818 2211 876 2246 cer·

116 2274 200 2335 nebat,
220 2275 272 2342 post
284 2278 362 2326 aciem
374 2275 546 2326 circumducit.
565 2274 599 2337 de,
617 2290 668 2323 non
679 2275 794 2324 'hoslibur
812 2290 876 2324 rno-

115 2351 157 2410 do,
176 2351 301 2404 sedetiam
314 2353 361 2404 suis
376 2355 574 2422 inopinantibus,
592 2353 617 2404 in
633 2352 753 2402 sinistrum
762 2353 874 2405 hostium

117 2431 181 2480 latua
190 2431 307 2482 incurrit:
327 2443 444 2498 tantaque
454 2433 567 2481 celeritas
576 2431 633 2493 suit,
650 2442 686 2494 ut,
699 2447 777 2497 quum
790 2431 873 2481 oslen-

118 2505 206 2559 dlslent
218 2506 242 2555 sc
253 2509 285 2556 ab
296 2509 379 2568 latere,
397 2523 459 2558 mox
469 2509 494 2556 in
504 2519 573 2571 terga
581 2507 633 2570 jam
647 2517 795 2573 pugnarent.
833 2509 874 2559 lta

118 2597 152 2635 ex
171 2585 287 2633 omnibus
305 2585 424 2650 partibus,
442 2583 474 2633 ab
486 2584 585 2646 -sronte,
603 2583 635 2632 ab
643 2583 728 2640 latere,
746 2583 779 2632 ab
793 2593 877 2649 tergo,

117 2659 274 2711 trucidantur
284 2659 387 2727 Hispanl
399 2661 564 2727 Liguresque:
583 2659 609 2709 ἃ
620 2660 650 2708 ad
661 2660 748 2708 Gallos
760 2660 814 2722 jam
827 2677 875 2709 cae·

117 2739 160 2790 des
173 2749 327 2805 peruenerat.
356 2739 394 2788 lbi
408 2741 539 2788 minimum
550 2739 691 2788 certaminis
702 2738 760 2789 suit.
778 2753 835 2787 narn
847 2739 876 2790 de

118 2831 174 2886 pars
192 2831 282 2880 magna
300 2817 331 2866 ab
350 2816 420 2881 siguis
432 2818 542 2879 aberant,
560 2815 631 2866 nosle
646 2815 739 2883 dilapfi,
757 2816 877 2880 stratique

117 2895 208 2946 somno
228 2893 309 2958 patiim
328 2909 370 2959 per
389 2909 475 2958 agros:
495 2895 528 2956 dc,
546 2893 719 2958 qui'aderant,
736 2893 825 2941 itinere
843 2907 875 2943 ae
901 2931 905 2936 ,

117 2973 213 3036 vigiliis
225 2969 284 3032 scili,
295 2969 507 3024 intolerantiffima
515 2971 607 3022 laboris
619 2985 733 3040 corpora,
747 2971 794 3018 vix
802 2983 873 3017 arma

118 3050 229 3104 humeris
237 3049 372 3115 gestabant.
407 3051 440 3102 Et
448 3051 501 3118 jam
510 3049 561 3101 diei
573 3048 684 3101 medium
695 3059 755 3114 erat,
773 3046 873 3178 ῦῑὶίὶῙῗ
