2000 3709
162 260 212 303 ua
425 208 668 305 T.L1v1s

162 337 238 404 vitia,
255 339 439 408 compellabat.
458 342 701 433 premendorumque
713 342 874 411 superiorum
887 358 931 395 at·

163 424 191 467 te
206 416 270 484 (qun
281 418 380 487 peffima
392 436 430 475 ars
441 422 516 473 nirnis
527 414 650 491 prosperis
660 422 799 473 multorum
810 421 930 475 succedi·

165 490 313 567 buserevit)
330 497 380 549 sese
393 501 540 565 extollebat.

200 578 278 627 XIII.
289 579 414 631 Hannibal
424 594 457 631 ex
469 580 600 648 Hirpinis
592 595 619 629 ιιι
629 580 758 631 Samnium
768 580 874 633 transit:
884 583 932 632 Be-
982 629 983 632 ,

164 666 336 707 neveotauum
347 656 514 727 depopulatur
524 675 629 725 agrum:
649 660 772 709 Telesiam
782 660 876 710 urbem
889 676 932 711 ca·

165 730 218 799 pit:
236 733 317 783 irritat
323 737 402 787 etiam
411 736 443 788 de
454 737 572 787 industria
583 736 681 801 ducem,
690 737 708 787 fi
716 736 780 787 sorte
788 738 934 792 accensum

165 818 206 859 tot
216 810 406 877 indignitatibus
425 814 584 881 cladibusque
601 812 727 866 sociorum
745 814 883 866 detrahere
895 814 931 867 ad

163 902 266 953 aquum
278 902 402 942 certarnen
413 894 494 960 possit.
517 895 587 944 Inter
597 884 782 944 mutitudinem
793 892 933 944 sociorum

96 1021 98 1029 ,
164 966 249 1017 Italrcr
260 984 361 1033 genens
378 972 462 1037 quiad
476 971 648 1022 Trasmenum
659 969 770 1039 captiab
778 972 931 1022 Hannibale
982 1011 984 1015 ,

162 1042 302 1111 druuslique
313 1047 419 1115 fuerant
436 1061 483 1100 tres
499 1051 623 1118 Campani
633 1049 727 1115 equites
738 1059 817 1112 erant
835 1050 933 1101 multis

164 1120 218 1187 jana
230 1133 284 1173 turn
295 1124 368 1180 illesis
379 1090 449 1179 doiris
461 1126 627 1197 promisssque
635 1117 781 1175 Hannibalis
789 1088 823 1175 ael
835 1127 928 1177 conci-

164 1200 550 1271 liandospopularitunanimos.
567 1205 758 1267 binunciantes,
775 1204 833 1255 suin
847 1207 928 1255 eam-

90 1340 98 1349 !
159 1278 267 1349 ,pansam
279 1283 419 1347 exercitum
434 1282 591 1344 admovisset,
609 1284 700 1348 Capuae
708 1242 834 1347 potienda
848 1280 927 1349 copi-

93 1410 100 1426 ,
124 1344 129 1357 '
165 1370 207 1405 sun
219 1354 282 1419 sore,
300 1372 378 1423 quum
388 1375 424 1409 res
438 1359 529 1422 major,
544 1354 745 1424 quimauilores,
761 1354 829 1417 esset,
846 1356 926 1409 dubi·

165 1445 211 1483 um
229 1432 401 1499 liaunibalem,
417 1434 564 1500 alternisque
579 1432 697 1483 fidentem
711 1449 741 1482 ac
757 1432 929 1500 diffidentem,

166 1522 260 1574 tamen,
277 1522 305 1561 ut
324 1517 463 1579 Campanos
481 1528 515 1563 ex
533 1512 632 1562 Samnio
647 1515 747 1579 peteret,
763 1523 925 1563 movemntt

166 1590 285 1651 monitos,
302 1600 331 1640 ut
341 1592 416 1642 etiam
425 1601 499 1659 atque
508 1590 584 1640 etiam
595 1590 712 1656 promissa
719 1588 791 1639 rebus
799 1588 924 1640 adfirma-

165 1678 230 1730 rent,
245 1666 379 1735 iussosque,
397 1685 454 1720 cum
471 1670 582 1737 pluribus
601 1667 627 1717 ἃ
643 1664 767 1733 aliquibus
775 1683 924 1736 principum

165 1745 247 1799 redire
258 1746 289 1795 ad
299 1744 330 1810 se,
343 1746 442 1797 dimisit.
460 1747 530 1815 ipse'
524 1757 630 1815 imperat
640 1743 706 1811 duci,
723 1756 753 1795 ut
761 1745 801 1796 se
793 1763 820 1797 ιιι
829 1762 925 1812 agrum

168 1816 307 1877 Casinatem
318 1827 408 1878 ducat·
426 1826 528 1878 edouus
543 1826 652 1895 aperitis
665 1825 809 1891 regionum,
826 1824 925 1879 neom

98 1930 100 1934 ¹
165 1904 254 1957 saltum
266 1905 413 1973 occupasset,
428 1908 525 1957 exitum
541 1910 656 1957 Romano
666 1902 697 1954 ad
708 1917 782 1972 opem
791 1904 929 1958 serendam

165 1982 240 2035 suciis
253 1982 450 2037 interclusurum.
485 1985 533 2034 Sed
550 1984 673 2034 Punicum
687 1982 823 2033 abhorrens
840 2000 869 2034 os
887 1984 929 2035 ab

164 2064 316 2115 Latinorum
325 2064 462 2115 nominum
467 2063 616 2130 prolatione,
630 2076 677 2127 pro
688 2059 775 2110 Casino
785 2060 927 2115 Casilinum

164 2140 220 2195 dux
231 2152 259 2191 ut
268 2142 398 2211 acciperet,
417 2130 489 2203 serit}
509 2142 658 2210 aversusque
669 2142 702 2194 ab
713 2141 856 2195 suoitinere
855 2157 925 2210 ,per

165 2217 313 2283 Allifanum,
327 2220 527 2287 Caiatinumque,
538 2220 563 2271 dr
576 2222 699 2287 Calenum
707 2224 840 2286 agrunnin
849 2236 923 2271 cam·

164 2313 228 2369 pum
240 2297 363 2349 Stellatem
380 2297 521 2350 descendit:
538 2297 583 2350 ubi
600 2314 678 2367 quum
694 2295 822 2351 montibus
833 2300 923 2351 fluori-
982 2346 983 2351 ,

165 2374 288 2443 albusque
300 2364 408 2425 clansam
420 2377 548 2441 regionem
562 2377 778 2452 circumspexisset,
795 2390 924 2433 vocatum
982 2430 983 2433 ,

165 2458 254 2511 ducem
267 2454 446 2525 percuntlatur,
462 2456 506 2507 ubi
524 2468 644 2508 terrarum
654 2456 728 2510 esset?
744 2475 823 2527 quum
835 2460 855 2510 is
868 2464 923 2514 Ca„-

163 2530 228 2588 slllui
240 2550 271 2585 co
284 2534 331 2602 dte
339 2532 481 2584 mansurum
494 2549 552 2583 eum
567 2530 674 2599 dixisset,
689 2546 744 2590 tum
760 2536 864 2587 demum
873 2554 923 2590 co-

158 2613 248 2679 gnitus
260 2612 292 2660 est
301 2626 378 2675 error,
397 2610 546 2661 &Casinum
560 2612 633 2678 longe
641 2612 699 2683 iride
708 2613 757 2665 alia
765 2617 869 2680 regione
880 2616 922 2671 et-

164 2688 207 2749 se:
227 2688 354 2755 virgisque
372 2687 433 2740 caeso
451 2688 523 2760 duce,
540 2690 567 2738 dr
583 2688 614 2739 ad
626 2691 778 2757 reliquorum
795 2704 928 2747 terrorem·

164 2764 193 2819 in
213 2760 311 2817 crucem
330 2766 436 2830 sublato,
455 2765 537 2816 castris
556 2768 722 2831 communitis,
742 2770 927 2825 Maharbalem-

164 2861 224 2899 curn
239 2838 395 2913 equitibus
377 2844 404 2894 in
417 2834 505 2909 agrum
515 2843 644 2895 Falernum
663 2846 799 2915 praedatum
813 2848 920 2905 dimifit.

164 2922 249 2987 Usque
257 2922 288 2971 ad
299 2938 375 2989 aequas
386 2918 538 2975 Sinuessanas
552 2922 685 2989 populatio
696 2940 725 2975 ea
734 2927 860 3003 peruenit.
878 2930 921 2985 ιιι.

163 3008 264 3059 gentem
275 2996 378 3061 cladem,
394 2998 479 3061 sugam
493 3008 575 3047 tamen
586 3010 753 3073 terroremque
761 3004 845 3070 latius
863 3012 922 3063 Nu-

163 3068 367 3143 paldaesecerum.
385 3074 441 3129 istc
450 3074 566 3129 noenu
566 3084 665 3149 terror,
680 3096 759 3151 quum
768 3085 930 3139 omuiabet-

889 3163 921 3219 ,ο
982 3239 983 3250 ι
