2000 3709
321 270 495 324 LIBER
527 272 564 324 X.
784 288 819 338 73

67 374 130 432 parte
140 378 193 416 una
204 378 326 433 praeceps,
344 365 390 414 ubi
410 380 477 414 nune
494 365 589 415 Narnia
607 362 650 414 fita
669 364 711 414 est.
727 378 772 415 nee
783 364 822 428 vi,

65 458 105 493 nee
123 446 287 493 munimento
308 446 364 510 capi
385 453 492 511 poterat.
528 447 614 509 Itaque
632 438 693 491 eam'
706 443 822 494 infestam

65 535 115 571 reru
128 525 169 573 M.
183 522 292 571 Fulvius
305 522 420 584 Paerinue‚
439 524 474 569 T.
486 520 595 570 Manliue
606 525 757 587 Torquatus,
774 516 822 570 uo·

65 598 90 647 vi
101 598 224 661 eonsules,
243 608 405 665 aeceperunt.
432 601 462 647 In
471 609 631 647 armannum
642 613 720 665 quum
730 603 763 662 Q.
774 601 822 647 Fa·

63 675 131 725 bium
142 676 275 727 consulem
283 692 336 727 non
349 686 473 743 petentem
483 690 568 726 omues
579 676 688 725 dicerent
696 680 822 742 centurie,

64 754 141 820 ipsum
152 754 285 805 austorem
298 752 368 803 fuisse
383 758 470 803 Macer
487 755 598 803 Licinius
607 769 637 803 ac
654 756 759 805 Tubero
770 766 822 803 tra-

64 830 124 881 dunt
133 830 269 881 differendi
281 830 326 880 sebi
338 830 479 880 consulatus
488 831 514 879 io
524 829 700 881 bellicosiorem
710 844 822 880 annuunt

64 924 94 959 eo
107 924 177 959 anuo
193 910 288 973 majori
304 907 330 957 se
345 908 401 957 usui
418 907 558 975 reipublic:
568 910 631 972 fore,
647 909 744 959 urbano
753 908 822 974 gesto

63 988 216 1051 magistratu.
236 988 272 1035 ita
284 1002 329 1035 nec
340 986 535 1050 diffimulantem,
548 986 608 1053 quid
620 987 712 1049 mallet,
721 1001 766 1037 uec
777 1003 821 1053 pe·
878 976 884 987 ⁹

64 1073 158 1113 tentem
176 1074 273 1129 tamen,
290 1062 386 1112 aedilem
404 1061 513 1111 curulem
524 1078 581 1111 eum
595 1066 627 1112 L.
642 1063 742 1130 Papirio
755 1067 821 1113 Cur-

65 1142 118 1192 sore
128 1141 235 1191 fastum.
270 1140 301 1191 Id
315 1156 346 1189 ne
358 1154 404 1207 pro
420 1150 487 1190 certo
503 1152 630 1206 ponerem,
645 1140 765 1190 vetustior
774 1155 819 1190 an-

64 1220 159 1271 natium
169 1218 258 1268 autior
272 1217 328 1267 Piso
337 1217 419 1267 effecit
428 1236 436 1279 ;
453 1218 496 1283 qui
506 1234 539 1267 eo
549 1234 616 1268 anno
626 1218 707 1284 aediies
724 1218 822 1269 cumlet

66 1296 137 1349 fuiffe
149 1296 227 1346 tradit
246 1295 276 1345 C.
298 1296 440 1347 Domitium
459 1299 506 1346 Cn.
527 1298 557 1345 F.
577 1298 711 1346 Calvinum
731 1298 757 1346 ἀ
777 1300 819 1361 sp.

68 1374 209 1425 Carvilium
226 1378 260 1439 Q.
276 1374 305 1422 F.
320 1375 472 1423 Maximum.
507 1374 537 1423 Id
546 1374 621 1424 eredo
632 1388 771 1437 cognomen
780 1388 819 1421 er·

63 1463 143 1503 rorem
155 1452 181 1500 in
190 1450 302 1501 aedilibus
313 1448 395 1500 feciss'e
405 1468 412 1499 r
422 1448 580 1517 secutamque
592 1450 703 1500 fabulam
712 1452 819 1501 mixtam

67 1544 100 1581 ex
110 1530 218 1581 edifitiis
231 1530 256 1579 tr
271 1528 438 1580 consumitur
450 1530 566 1593 comitiis,
583 1530 774 1579 convenientem
784 1540 822 1578 er·

66 1609 126 1659 rori.
161 1611 195 1657 Et
209 1608 311 1657 lustrum
324 1622 355 1657 eo
371 1622 438 1659 auno
456 1607 586 1658 conditum
602 1613 617 1657 t
634 1610 662 1656 P.
672 1604 835 1675 sempronio

67 1680 190 1754 Sopho&
211 1682 240 1734 P.
260 1684 369 1751 Sulpicio
389 1688 533 1736 Saverrione
551 1683 708 1736 censoribus:
727 1686 818 1737 tribus-

67 1780 115 1832 que
123 1760 214 1815 addire
230 1761 295 1828 duae,
314 1764 424 1815 Auienus
438 1777 467 1815 ae
479 1757 624 1815 Terentina.
658 1768 718 1815 Htee
729 1768 818 1818 Roma

65 1843 142 1908 gesta.
840 1864 843 1871 ·

98 1922 134 1969 X.
154 1918 268 1968 Ceterum
279 1916 311 1969 ad
323 1919 466 1987 Nequinum
475 1917 595 1989 oppidum
606 1934 684 1987 quum
692 1918 759 1986 segni
770 1918 818 1969 ob·

63 1993 159 2047 (idione
175 2005 274 2062 ternpus
292 2005 421 2063 tereretur,
439 1996 490 2049 duo
509 2012 543 2049 ex
556 1996 693 2064 oppidanis,
710 2012 818 2063 quorum

63 2086 134 2127 eraut
155 2074 260 2125 edificia
276 2075 360 2140 juntia
377 2093 459 2142 muro,
477 2074 552 2144 specu
570 2075 635 2127 fatto
654 2076 686 2126 ad
702 2077 818 2127 stationes

63 2156 192 2204 Romanas
211 2152 296 2203 itinere
314 2156 414 2205 occulto
428 2156 596 2223 perveniunt:
614 2154 670 2203 inde
679 2153 711 2204 ad
728 2154 818 2206 consu.

32 2250 41 2261 ,
64 2230 115 2281 lem
134 2228 243 2295 dedusti,
260 2228 396 2302 presidium
414 2240 538 2283 armatum
557 2232 581 2281 se
599 2233 664 2281 intra
682 2234 774 2283 moenia
789 2234 817 2287 ἃ

63 2324 149 2361 muros
157 2320 304 2377 accepturos
314 2310 473 2362 eonfinnane.
508 2312 561 2361 Nee
571 2309 767 2377 aspernandam
775 2312 815 2362 vi·

61 2384 96 2451 sa,
113 2400 194 2452 oeque
213 2387 310 2437 incaute
327 2386 457 2437 credenda.
474 2402 532 2436 eum
551 2387 630 2438 altero
642 2402 730 2437 eorum
749 2391 817 2453 (nuru

60 2462 125 2514 alter
141 2464 215 2514 obses
226 2466 342 2528 retentus)
358 2462 410 2514 duo
426 2465 594 2531 exploratores
610 2480 655 2532 per
671 2466 815 2516 cuniculum

59 2539 139 2590 miffi:
152 2556 196 2607 per
206 2556 267 2606 quos
276 2540 332 2591 satis
343 2543 468 2609 compertt
478 2556 514 2604 re,
521 2543 623 2591 trecenti
631 2543 727 2606 armati,
736 2544 816 2593 tranl-

60 2618 125 2683 fugt
137 2617 202 2668 duee
218 2620 244 2668 in
259 2609 346 2669 urbem
364 2618 467 2684 ingresfi,
484 2619 556 2669 nette
567 2629 674 2686 portam,
690 2636 744 2685 quae
755 2636 814 2688 pro-

59 2695 133 2747 xima
151 2704 213 2759 erat,
230 2710 325 2761 cepere.
351 2695 400 2761 qut
416 2693 527 2759 refraffl,
543 2694 628 2745 consul
645 2696 816 2762 exercitusque

60 2775 192 2823 Romonue
204 2772 253 2823 fiue
269 2773 402 2826 certamne
417 2773 504 2823 urbem
515 2773 634 2825 invasere.
669 2777 708 2823 Ita
719 2776 815 2841 Nequi-

11 2908 14 2913 ·
60 2866 122 2901 num
140 2852 168 2901 iu
185 2850 307 2903 ditionem
325 2852 412 2919 populi
429 2842 536 2904 Romaui
546 2854 624 2903 venit.
660 2852 815 2904 coloniaco

60 2928 180 2981 adversus
197 2930 306 2984 Umbros
325 2932 401 2995 miss'a,
417 2936 433 2982 t
449 2932 550 2981 flumine
566 2932 660 2983 Narnia
670 2932 813 3000 ⁸appellata:

61 3010 185 3060 exercitus
199 3024 258 3060 eum
268 3026 360 3077 magua
368 3008 448 3079 prada
456 3014 562 3062 Romam
571 3010 691 3061 reduttue.
717 3011 814 3065 Eodem

61 3101 126 3139 anno
145 3088 181 3139 ab
200 3090 311 3148 Etoueis
330 3088 446 3149 adversor
462 3090 572 3146 induciet
588 3099 702 3160 paratum
711 3088 828 3142 bellum.-

94 3156 173 3209 τοι.
192 3156 232 3211 11.
464 3160 491 3221 n
770 3152 812 3207 reu
