2000 3709
151 223 195 268 ιιι
390 217 443 270 ”Τ.
479 221 651 270 Lrvr-I·

147 311 262 359 Romano
275 309 374 374 g‘ell'ete.
409 315 568 376 Namneque
580 311 715 362 validiores
731 311 823 380 opibus
842 313 902 365 urae

147 384 211 434 inter
222 387 246 434 se
265 388 380 436 civitates
396 390 529 456 gentesque
545 389 704 439 contulerunt
720 407 798 456 arma,
816 406 901 456 neque

146 461 185 510 his'
195 463 251 528 ipsis
263 473 359 514 tantum
376 478 486 530 unquam
505 466 598 514 virium
613 476 657 514 aut
667 465 772 516 roboris
788 468 854 517 suit:
871 467 912 517 &-

146 537 212 588 baud
231 541 326 604 ignotas
344 541 402 590 belli
419 554 482 593 artes
496 544 563 593 inter
579 542 611 605 se,
629 541 670 592 sed
688 556 803 609 expertas
814 545 901 611 ptimo

146 618 241 668 Punico
253 619 412 670 conserebant
423 621 498 671 bello
517 623 543 672 δι
557 621 619 671 adeo
632 621 701 669 varia
719 622 776 672 belli
793 623 898 673 fortuna

145 693 281 761 ancepsque
292 700 360 746 Mars
371 696 427 761 suit,
436 710 464 747 ut
477 699 580 766 propius
591 698 728 764 periculum
740 699 843 762 suerint,
852 699 903 769 qui

146 772 267 822 ticerunt
287 771 355 820 Odiis
365 775 439 823 eriam
450 779 527 841 prope
535 775 671 837 majoribus
680 776 806 824 certarunt
807 781 899 864 ,quam

146 848 256 897 viribus:
275 851 393 899 Romanis
409 850 604 915 indignantibus,
621 850 686 914 quod
705 849 883 901 vilioribus
857 869 898 902 ιιι-

145 924 177 974 ili
192 926 256 974 ultro
276 924 394 979 inferrent
405 929 486 988 arma}
505 920 592 988 Pt'e'nis,
609 927 676 992 quod
689 925 792 995 superbe
807 931 898 980 avare·

145 1019 192 1068 que
205 1003 330 1054 crederent
342 1006 510 1072 imperitatum
522 1005 593 1054 villis
604 1004 661 1054 elle.
678 1007 753 1056 Fama
763 1008 841 1056 etiam
853 1008 897 1070 eli,

145 1082 306 1131 Hannibalem
319 1099 440 1132 annorum
452 1083 530 1132 semte
541 1098 643 1146 nouem,
662 1084 788 1148 pueriliter
796 1085 896 1133 blandi-

145 1171 226 1208 entem
248 1163 310 1228 patri
331 1161 473 1221 Hamilcari,
493 1171 522 1208 ut
541 1161 672 1209 duceretur
690 1161 717 1210 in
737 1161 897 1228 Hispaniam,

145 1251 230 1302 quum,
249 1237 355 1303 perseilo
369 1235 455 1288 Africo
466 1236 542 1299 bello,
556 1234 694 1287 eriercituris
705 1243 736 1287 eci
747 1239 897 1303 trajetiurus

145 1314 426 1380 sacrificaret,‚altaribus
437 1314 575 1376 admotum,
590 1315 659 1365 ratiis
670 1315 743 1367 sactis
751 1317 896 1380 jurejuran-

144 1394 177 1444 do
189 1395 310 1460 adaslrrm,
323 1397 355 1460 se,
367 1411 444 1461 quum
456 1395 564 1462 primurn
576 1393 661 1461 posset,
673 1395 767 1444 hostem
778 1395 835 1445 sote
846 1409 894 1462 po·

133 1474 204 1541 pulo
217 1478 340 1522 Romano.
376 1474 510 1537 Angebant
527 1471 748 1538 ingentis'spiritus
759 1473 845 1522 virum
856 1475 895 1522 Si-

139 1551 200 1612 'cilia
212 1549 304 1602 sardini
311 1567 370 1616 aque
381 1551 483 1602 amttlae:
501 1566 559 1600 nam
571 1551 597 1600 ἃ
612 1549 720 1600 Siciliam
731 1551 806 1599 nimis
818 1551 895 1600 celeri

142 1629 311 1695 desperatione
323 1633 404 1679 rerum
416 1627 560 1691 concessam,
578 1628 766 1680 &Sardiniam
760 1638 827 1677 mter
837 1642 895 1686 mo-

143 1718 198 1760 tum
209 1707 298 1756 Asticae
309 1707 396 1758 fraude
408 1711 588 1769 Romanorum,
605 1705 728 1774 stipendio
735 1706 812 1756 ettam
825 1707 895 1759 iusu-

142 1800 187 1854 per
202 1783 325 1852 imposte,
342 1787 514 1852 interceptam
660 1832 668 1838 ,

131 1854 136 1892 3
176 1866 212 1914 ll
230 1863 275 1914 His
291 1865 380 1914 anxius
398 1865 462 1912 curis
479 1864 516 1911 ita
532 1859 558 1910 se
571 1861 659 1914 Africo
670 1861 744 1924 bello,
761 1827 895 1927 quodfuit

142 1940 187 1992 sub
204 1953 327 1992 recentem
345 1945 482 1993 Romanam
501 1955 595 2006 pacem,
613 1955 658 2007 per
675 1941 785 2006 quiaque
801 1954 893 2004 annos,

130 2019 177 2068 ita
189 2020 276 2069 deinde
294 2033 387 2071 novem
403 2022 473 2069 annis
489 2019 516 2067 in
527 2018 653 2085 Hispania
668 2017 782 2082 augendo
794 2019 893 2068 Punico

130 2095 248 2162 -imperio
260 2099 343 2162 gessit;
362 2106 538 2165 ut'appareret,
554 2098 634 2160 majus
651 2107 717 2157 eum,
733 2099 810 2161 quiem
820 2093 893 2160 quod

101 2165 111 2176 “
141 2186 247 2238 gereret,
261 2178 355 2240 agitare
367 2177 488 2226 inanimo
500 2175 608 2224 bellum:
619 2175 660 2233 dc,
677 2173 693 2220 fi
706 2173 798 2221 diutius
810 2171 893 2236 vixis-

63 2253 67 2260 ’
141 2253 183 2316 set,
196 2255 334 2303 Hamilcare
345 2255 408 2313 duce
421 2257 508 2302 Poenos
519 2245 586 2300 amira
598 2251 675 2300 Italiae
687 2252 798 2300 illaturos
808 2249 892 2316 fuisse,

127 2331 183 2397 'qui
195 2319 337 2382 Hannibalis
346 2329 420 2404 dulia
429 2320 575 2378 intulerunt.
593 2331 663 2377 Mors
676 2327 824 2376 Hamilcaris
833 2342 890 2392 pee-

75 2459 82 2465 ,
140 2421 282 2475 opportuna
300 2411 324 2460 ἃ
342 2406 447 2474 pucritia
466 2406 612 2458 Hannibalis
628 2404 889 2456 distuleruutbellum.

140 2487 239 2536 Medius
251 2475 386 2536 Hasdrubal
405 2486 468 2537 inter
487 2496 581 2551 patrem
599 2483 721 2533 &filium
739 2482 796 2531 otio
808 2482 891 2533 femie

139 2579 217 2612 annos
229 2565 357 2629 irnperium
371 2564 496 2624 obtinuit,
511 2562 661 2611 florelaetatis
672 2561 719 2624 (uti
730 2561 824 2625 semnt)
836 2563 890 2628 pri·
903 2588 906 2592 ·

139 2646 181 2692 mi)
193 2641 326 2692 Hamilcari
344 2633 505 2690 coriciliatus:
524 2655 598 2704 gener
616 2640 672 2688 inde
683 2639 718 2687 ob
728 2639 802 2686 altam
815 2638 891 2688 iudo-

128 2719 190 2770 -lem
206 2706 337 2785 protetio
342 2707 411 2768 antiis
428 2718 542 2780 adscitrrs,
560 2717 599 2779 Bc,
610 2718 668 2782 quia
685 2713 831 2779 genenerat,
850 2715 888 2766 ss-

139 2797 226 2848 iiiouis
245 2799 350 2848 Earcinae
369 2798 465 2863 opibus,
484 2812 539 2861 quae
555 2795 621 2861 apud
634 2795 728 2844 milites
739 2793 893 2882 plebemque

101 2911 105 2920 .
127 2877 193 2945 ¹plus
204 2881 278 2942 quarn
289 2875 392 2924 ruodicae
404 2879 489 2936 ciant,
500 2863 565 2921 hriud
583 2873 638 2920 saue
653 2873 782 2920 voluntate
793 2871 889 2936 princi·

71 2949 73 2957 ⁴
127 2961 206 3024 pum,
234 2955 339 3020 imperio
344 2953 459 3018 potitus.
491 2945 526 3012 is,
539 2951 614 3016 plura
630 2949 740 3005 bonfilio,
757 2955 831 3013 quam
849 2951 889 3012 vi,

128 3037 235 3146 'gerena
249 3031 360 3101 hospitiis
372 3031 514 3097 regulorum
523 3030 621 3096 magis,
614 3026 832 3089 conciliandisque
843 3043 888 3092 per

127 3119 130 3127 '
471 3117 484 3141 ⁴⁸
512 3131 524 3145 ·
750 3104 888 3160 auricitiam

978 252 980 303 l
