2000 3709
356 236 639 295 LHEK-m.
814 254 867 310 m

103 324 218 391 inficientis.
256 330 348 396 Hostem
363 348 440 383 casm
450 334 480 383 ad
494 332 534 384 bar
547 332 596 384 tels
605 343 665 387 arus
674 330 788 386 melitis.
819 336 864 387 ltu

101 407 169 457 tuille
180 410 310 478 equitibus
321 414 438 477 Magoni,
455 413 525 465 mille
536 413 661 481 peditibus
670 412 778 477 dimitis,
790 414 862 464 liau-

104 486 169 536 nibal
180 490 266 556 prima
276 490 333 539 luce
344 491 469 543 Numidas
480 493 583 558 equites,
602 491 761 558 transgreffos
771 492 863 543 Trebi

104 578 142 613 am
151 568 259 633 flumen,
277 568 426 636 obequitare
441 572 516 635 jubet
529 573 634 623 hortium
645 573 733 641 portis,
747 572 861 635 jaculan-

102 640 182 709 doque
199 647 230 696 in
243 648 359 698 stationes
371 648 461 698 elicere
475 649 507 697 ad
522 665 630 716 pugnam
642 650 752 702 nollem:
768 648 864 714 injesto

97 719 189 772 deinde
201 726 350 791 certamine,
368 726 481 778 cedendo
490 726 575 777 sentim
587 729 649 778 citra
660 730 753 780 nmen
764 740 861 797 pertra-

102 797 166 849 here.
203 807 268 853 Haer
284 804 404 855 mandata
421 804 548 857 Numidis.
566 807 652 858 ceteris
669 807 774 858 ducibus
789 806 861 874 pedi·

102 885 154 927 turn
166 882 335 949 equitumque
347 894 508 953 praeceptum,
525 894 554 933 ut
564 886 684 953 prandere
695 900 780 937 omnes
788 884 862 949 jube·

97 964 168 1007 rent:
186 971 299 1012 amietos
318 961 417 1025 deiude,
436 962 588 1028 instratisque
607 963 685 1028 equis,
702 963 797 1029 lignum
812 975 859 1013 ex·

101 1035 220 1102 spettare.
251 1043 422 1107 Sempronius,
439 1041 471 1092 ad
483 1043 617 1093 tumultum
629 1043 795 1094 Numidarum
806 1043 859 1110 prl-

100 1120 169 1165 mum
182 1134 288 1169 omnem
300 1122 451 1187 equitatum,
467 1121 542 1171 ferox
551 1138 580 1171 ea
589 1123 770 1187 parte-virium,
787 1122 859 1173 dein·

100 1192 131 1243 de
142 1195 187 1247 lex
206 1199 286 1249 millia
301 1200 425 1268 peditum,
443 1200 568 1267 poliremd
579 1215 665 1250 omnes
676 1202 761 1269 copias
771 1200 802 1251 ad
814 1200 859 1251 de·

101 1270 218 1327 dinatum
229 1277 282 1342 jam
294 1282 352 1331 ante
366 1280 478 1343 consilio,
494 1280 583 1329 aridus
593 1282 744 1346 tutaminis,
759 1279 860 1331 eduxit·

100 1350 159 1401 Erat
169 1354 238 1403 sorte
248 1356 344 1407 bruma
356 1369 454 1425 tempus
466 1356 491 1407 dt
503 1357 593 1409 nivalis
604 1358 659 1407 dies
674 1358 701 1407 in
711 1358 774 1408 locis
786 1357 858 1425 Alpi·

99 1428 145 1480 bus
160 1434 349 1501 Apenninoque
361 1434 502 1500 interjediis‚
519 1438 708 1504 propinquitate
719 1436 794 1485 etlam
809 1436 858 1487 ssu-

99 1508 237 1559 minumae
250 1512 379 1578 paludium
392 1513 537 1579 praegelidis.
555 1513 587 1563 ad
600 1515 650 1563 hoc
663 1514 755 1580 raptim
765 1510 864 1563 eduals

99 1586 245 1639 homiuibus
255 1601 333 1655 atque
344 1593 422 1657 equis,
440 1608 490 1643 uon
503 1603 582 1659 captu
591 1594 649 1641 ante
659 1591 726 1654 cibo,
744 1605 795 1641 nou
807 1605 858 1659 ope

99 1662 149 1711 ulla
159 1664 192 1714 ad
210 1668 349 1717 arcendum
360 1668 438 1733 frigus
449 1668 569 1733 adhibita,
587 1669 653 1719 nihil·
660 1670 749 1720 caloris
759 1670 858 1721 inerat:

100 1738 125 1788 a
142 1741 266 1806 quiequid
285 1760 352 1794 aurae
369 1746 477 1795 fluminis
494 1748 736 1813 appropinquabant,
753 1749 859 1799 afflabat

99 1818 181 1867 acrior
192 1818 295 1883 frigoris
306 1822 355 1871 vis.
382 1824 416 1871 Ut
427 1826 489 1872 vend
500 1824 647 1889 refugientes
658 1825 779 1875 Numidae
790 1824 856 1879 inse·

99 1905 201 1959 quentes
219 1900 312 1961 aquam
327 1898 498 1963 ingredimur,
520 1900 556 1961 (ἃ
567 1910 622 1949 erat
633 1899 773 1967 pedoribus
783 1911 860 1953 tenus

98 1970 169 2027 auda
181 1974 306 2025 nodinrnn
319 1977 403 2044 imbri)
415 1989 468 2029 turn
479 1979 673 2044 utiqueegrellis
684 1980 763 2045 rigere
772 1983 855 2035 omni·

98 2049 143 2101 bus
154 2068 271 2119 corpora,
280 2064 309 2104 ut
321 2058 368 2105 vix
380 2070 507 2107 armorum
519 2058 682 2107 tenendorum
694 2060 806 2126 potentia
815 2060 854 2110 es-

99 2126 159 2193 sent,
178 2131 204 2179 dt
216 2127 292 2181 fimul
299 2134 438 2183 lailltudine
445 2134 600 2201 procedente
608 2136 661 2199 jam
673 2135 721 2202 die,
739 2136 804 2187 same
814 2148 854 2187 et-

101 2209 149 2259 iarn
163 2209 281 2261 deficere.

131 2292 187 2338 LV.
205 2292 354 2341 Hannibalis
371 2290 470 2342 interim
488 2291 566 2355 miles,
584 2292 683 2357 ignibus
694 2302 751 2342 ante
768 2302 854 2344 tento·

98 2366 134 2415 ria
145 2366 222 2429 fallis,
234 2368 350 2434 ¹oleoque
369 2384 413 2435 per
429 2370 577 2435 manipulos.
597 2380 623 2417 ut
639 2370 766 2419 mollirent
775 2382 853 2434 artua,

99 2444 176 2507 millo,
196 2446 223 2495 dc
241 2446 300 2497 cibo
320 2463 365 2515 per
382 2450 461 2497 otium
477 2459 559 2514 capto,
579 2447 624 2497 ubi
635 2446 791 2511 transgressos
803 2448 852 2496 llu-

98 2536 151 2571 men
170 2522 253 2572 hostes
270 2527 415 2574 nunciatum
434 2526 474 2586 est,
492 2525 573 2572 alacer
590 2523 679 2573 animis
691 2523 855 2590 corporibus·-

98 2612 145 2666 que
152 2614 224 2649 arma
237 2602 314 2665 capit,
332 2612 407 2667 atque
419 2601 443 2650 in
455 2601 534 2649 aciem
547 2599 669 2664 procedit.
694 2600 800 2649 Baliares
811 2601 852 2651 lo·
927 2652 934 2663 x
957 2625 960 2630 Δ

100 2687 137 2727 sat
153 2686 212 2726 ante
230 2677 306 2743 figna,
319 2678 407 2727 ,levem
424 2688 582 2739 armaturam,
600 2676 658 2728 otto
676 2677 754 2727 ferme
773 2679 856 2730 millia⁴

99 2754 226 2803 hominum
236 2771 249 2813 ;,
261 2752 320 2801 dein
334 2754 475 2816 graviorem
489 2755 562 2802 annis
574 2752 690 2819 peditem,
708 2754 776 2819 quod
788 2756 851 2805 viri-

100 2818 148 2889 uni,
158 2828 229 2893 quod
241 2829 343 2877 roboris
352 2840 403 2877 erat
413 2847 418 2877 ι
438 2830 462 2877 in
472 2828 757 2879 cornibus-circumtulit
765 2828 851 2881 decem

99 2906 174 2957 millia
183 2906 298 2977 equitum
308 2924 314 2965 3
325 2907 349 2955 ἃ
361 2907 394 2956 ab
403 2907 519 2958 cornibus
530 2906 555 2953 in
565 2917 696 2970 utramque
705 2916 800 2973 partem
812 2905 851 2955 dt-

99 2982 164 3031 visos
183 2983 332 3049 elephantos
352 2984 443 3033 statuit.
480 2980 572 3032 Consul
586 2981 675 3031 effusos
688 2981 813 3046 sequentes
824 3000 851 3033 e·

101 3061 186 3127 quites,
204 3074 285 3128 qtutm
302 3060 335 3111 ab
354 3060 515 3115 resistentibus
531 3058 614 3109 lubitu
629 3058 745 3116 Numidis
756 3060 858 3111 incauti!

64 3135 70 3154 Ι

452 3142 481 3198 Β
494 3152 512 3199 ς,
749 3136 856 3203 usipus
