2000 3709
152 202 187 258 td
411 194 456 254 ''r.
490 205 514 254 L
531 205 545 252 1
561 208 589 253 u
603 190 647 253 1'1

154 308 196 360 xa,
205 296 276 345 multi
289 294 425 362 supersunt,
436 297 478 361 qui
492 295 617 343 viderunt.
636 294 737 347 Patavii
752 306 903 344 monumen-

156 377 211 420 tuni
227 372 321 420 navalis
335 387 423 438 pugnae
443 388 474 419 co
492 370 540 432 die,
557 385 608 434 quo
620 368 755 435 pugna't'um
767 369 808 428 cll,
826 379 902 433 quot-

154 448 225 497 annis
237 446 329 497 solenni
342 448 474 497 certamine
486 447 588 496 navium
601 446 739 494 influmine
752 447 837 512 oppidi
848 462 903 495 mc-

156 524 201 573 dio
216 513 356 573 exercenti.
470 580 472 587 y

188 604 237 651 111.
256 603 350 651 Eodem
365 616 431 669 anno
450 604 536 650 Romae
554 614 611 649 cum
632 599 745 660 Vestinis,
763 598 908 666 petentibus

155 671 299 742 amcitiam,
317 678 391 727 isium
404 679 437 726 cll
454 676 540 726 soedus.
574 676 709 742 Multiplex
724 676 813 725 deinde
828 691 907 724 exor-

157 770 195 805 tus
207 767 294 807 terror.
330 745 454 806 Etruriam
466 755 593 815 rebellare,
604 755 636 803 ab
649 746 809 803 Aretinorum
821 753 909 802 sediti-

157 834 245 885 onibus
262 845 332 883 motu
350 845 415 895 orto,
432 832 613 884 nunciabatur:
636 832 682 882 ubi
700 834 810 881 Cilnium
828 845 908 896 genus

158 923 304 979 praepotens,
321 912 465 961 divitiarum
477 908 573 959 invidia
584 909 641 975 pelli
652 911 727 958 aruris
735 921 842 975 coeptum
854 926 860 956 ε
878 908 909 956 fi-

157 990 208 1037 mul
221 986 317 1037 Marsos
328 1004 416 1052 agrum
428 988 455 1036 ci
467 986 539 1049 tueri,
557 988 582 1035 in
599 1001 672 1050 quem
683 987 782 1035 colonia
795 985 908 1035 Carseoli

157 1066 259 1120 deduiia
272 1077 331 1130 erat,
350 1077 456 1131 quatuor
467 1065 575 1115 millibus
587 1065 717 1113 hominum
729 1062 834 1129 scriptis.
853 1067 908 1111 Ita·

157 1160 206 1209 que
218 1154 319 1210 propter
329 1158 371 1193 eos
384 1136 642 1192 remunerationi.
656 1141 770 1189 Valerius
776 1141 909 1189 Maximus

158 1222 269 1285 diiiator,
286 1220 427 1286 magistrum
448 1219 560 1287 equitum
580 1219 624 1270 fibi
641 1215 701 1283 legit
716 1219 755 1267 M.
774 1210 909 1267 AEmilium

158 1298 279 1346 Paullum.
300 1296 325 1346 id
343 1298 419 1361 magis
437 1296 520 1360 credo,
537 1300 611 1360 quam
624 1300 657 1359 Q.
670 1295 775 1343 Fabium
793 1296 910 1362 eiraetate

157 1382 232 1437 atque
249 1374 283 1421 eis
301 1373 436 1423 honoribus
454 1369 556 1420 Valerio
574 1368 727 1441 subjeilutm
743 1374 853 1417 ceterum
870 1368 909 1421 ei

158 1450 268 1500 Maximi
287 1450 435 1519 cognomine
453 1458 537 1499 ortum
557 1462 665 1496 errorem
683 1446 749 1496 haud
766 1446 908 1495 abnuerim.

159 1527 284 1578 Prosestur
304 1528 408 1579 disiator
428 1542 484 1597 cum
503 1525 615 1575 exercitu
634 1525 722 1591 proelio
739 1539 791 1574 uno
806 1524 920 1574 Marso&

159 1604 249 1655 sundit.
271 1604 400 1672 compulsis
412 1604 500 1654 deinde
510 1603 537 1652 in
548 1602 620 1651 urbes
631 1602 746 1665 munitas,
754 1592 910 1663 Milioniam,

160 1677 299 1748 Plcst‘inam,
317 1680 439 1731 Fresiliam
452 1682 517 1732 intra
528 1681 579 1730 dies
597 1691 688 1747 paucos
700 1678 783 1744 ce'pit:
799 1680 825 1729 a
836 1676 910 1745 par'te

159 1756 212 1819 agri
229 1756 351 1806 mulsiatir
365 1756 451 1806 Mariis
464 1750 547 1807 ‘soedus
563 1756 676 1803 reilituit.
712 1757 780 1803 Tum
791 1756 817 1803 in
830 1757 907 1803 Etru·

160 1830 213 1881 scos
233 1834 332 1882 versum
349 1833 448 1883 bellum.
473 1834 506 1898 dr,
524 1846 602 1901 quum
618 1819 723 1881 didator
738 1830 909 1899 auspiciorum

161 1910 349 1975 repelendorum
368 1912 439 1960 causa
458 1910 581 1977 profeiiur
593 1915 700 1961 Romam
711 1909 777 1971 esset,
792 1908 910 1973 magillet

162 1986 282 2050 equitum,
295 1984 440 2052 pabulatum
452 1986 565 2051 egressus,
583 2002 616 2044 ex
634 1986 724 2035 insidiis
743 1987 910 2035 circumveni-

161 2071 216 2125 τμη
233 2060 353 2125 lignisque
370 2064 465 2128 aliquot
482 2062 578 2125 amitus,
595 2062 660 2111 soedd
675 2061 782 2110 rnilitum
797 2062 862 2111 caede
876 2077 910 2113 at:

162 2134 221 2199 lugi
239 2137 264 2184 in
283 2136 357 2185 eastra
375 2138 407 2187 cst
425 2138 575 2204 compulsus.
593 2138 636 2202 qui
653 2147 733 2187 terror
746 2128 797 2187 non
809 2147 910 2187 cotan-

162 2216 216 2259 turb
225 2216 247 2260 a·
254 2214 332 2263 Fabio
341 2214 466 2278 abhorret,
484 2214 550 2279 quod
562 2215 578 2262 fi
591 2214 693 2278 quialid
705 2225 758 2265 arte
767 2221 911 2280 cognomen

161 2290 233 2362 sotini
247 2292 363 2363 aeqnivst,
381 2302 434 2340 turn
447 2292 559 2339 maxime·
572 2292 665 2340 bellicis
673 2291 802 2340 laudibus:
820 2292 861 2341 sed
870 2305 910 2341 et·

162 2369 221 2426 iain,
238 2367 311 2431 quud,
327 2356 426 2417 memor
445 2370 580 2434 Papirianae
599 2369 707 2432 saevitiae,
721 2385 861 2435 nunquam,
878 2382 911 2421 ut

164 2443 288 2493 di'iiatoris
301 2435 389 2507 injullu
400 2446 536 2509 dimicaret,
553 2446 641 2493 adduci
653 2444 776 2514 potuisset.

198 2524 245 2568 IV.
264 2522 388 2570 Nunciata
410 2538 439 2570 ea
459 2522 539 2570 clades
561 2524 668 2571 Romam
689 2522 816 2584 majorem,
834 2528 910 2586 quim

163 2610 202 2646 res
220 2606 279 2657 erat,
295 2608 415 2648 terrorem
435 2600 540 2648 excivit.
557 2614 623 2661 narn,
640 2609 669 2656 ut
686 2600 797 2648 exercitu
816 2600 909 2665 deleto,

164 2675 199 2723 ita
209 2674 329 2735 jullitium
342 2674 475 2735 indisium5
493 2676 607 2724 custodiae
619 2678 644 2723 in
657 2675 852 2741 portis,·vigiliae
867 2677 910 2725 vi·

166 2751 240 2800 ratim
252 2751 355 2812 enaiim
374 2766 449 2812 arma,
467 2753 515 2801 tela
530 2754 555 2802 in
569 2768 653 2802 muros
664 2751 785 2817 congesta.
821 2754 911 2802 Omni·

164 2828 217 2877 bus·
227 2816 366 2891 junioribus
386 2829 537 2879 sacramento
550 2829 647 2891 adaiiis,
665 2829 777 2893 diiiaton
794 2830 825 2879 ad
837 2816 910 2880 erier-

84 2934 88 2949 r
164 2906 243 2953 citum
263 2903 352 2965 misius,
371 2906 454 2953 onrnia
474 2905 522 2972 spe‘
535 2906 705 2971 tranquilliora
726 2908 754 2955 81
775 2908 910 2975 composita

164 2981 277 3047 magistu·
291 2982 401 3050 equitum
413 2983 477 3048 cuti,
494 2982 606 3034 castrain
621 2984 739 3036 tutiorem
746 2984 830 3033 locum
839 2983 909 3031 reda-
