2000 3709
150 259 197 310 27¹
413 249 640 312 T.L1v11

150 337 321 392 voluntariam
337 339 491 392 deditionem
507 353 612 392 cononis
629 339 760 410 perlicere,
779 339 922 410 postquam

151 417 368 484 obstinatos-vidit,
386 419 497 470 obfidcre
508 419 566 470 inde
576 432 652 486 atque
664 435 818 488 oppugnare
831 431 921 487 parat.

151 503 262 548 ceterum
275 499 403 548 Acerranis
415 498 469 565 plus
484 498 569 559 animi,
586 503 662 564 quam
674 499 783 562 virium,
801 508 874 548 erat.
894 500 922 548 1-
976 514 978 523 =

152 583 234 640 taque,
251 572 377 642 desperati
393 574 470 624 tuteli
481 573 557 636 urbis,
573 585 603 623 ut
613 575 806 626 circumvallari
819 575 923 624 moenia

150 651 276 713 viderunt,
297 651 439 719 priusquam
461 652 667 702 continuarentur
685 647 922 720 bostium‘opera,

150 741 195 798 per
213 731 345 782 intermissa
355 731 510 782 munimenta
518 731 687 797 negletiasque
698 732 830 784 custodias
843 732 922 782 silen-
977 722 979 725 ¹

150 808 187 858 tio
199 805 277 859 noblis
287 808 380 878 dilapsi,
398 823 442 876 per
453 809 508 858 vias
519 809 645 874 inviaque,
664 811 864 877 quaquemque
874 821 922 862 aut

150 884 278 936 confilium
295 898 338 937 aur
361 897 441 936 terror
458 883 525 948 tulit,
542 885 569 934 io
581 885 653 935 urbes
672 888 831 954 Campaniae‚
852 901 922 953 quas

150 959 206 1012 satis
228 976 323 1015 certum
344 975 397 1014 erat
419 978 471 1013 non
494 961 597 1012 mnatre
620 962 703 1027 fidem,
727 965 919 1032 perfugerant.

149 1041 283 1105 Hannibal,
302 1042 400 1094 Acerris
411 1041 514 1108 direptis
524 1050 600 1105 atque
610 1039 720 1106 incensis,
733 1057 817 1107 quum
830 1049 852 1094 a
859 1047 919 1106 ¹Ca-

148 1116 218 1170 filino
241 1120 386 1171 dictantem
405 1123 548 1170 Romanum
558 1116 717 1184 legionesque
731 1135 817 1170 novas
844 1121 918 1170 acci*

148 1196 170 1244 ri
193 1197 396 1262 nunciallent,nc
417 1196 472 1262 quis
495 1206 547 1245 tarn
569 1197 715 1263 propinquis
737 1197 858 1247 hostiurn
871 1215 917 1250 ca·

148 1275 201 1324 liris
214 1279 324 1342 Capuam
334 1290 434 1342 quoque
445 1284 564 1337 recurrat,
575 1276 715 1324 exercitum
725 1270 755 1324 ad
767 1275 917 1328 Casilinum

147 1352 226 1404 ducit.
245 1354 377 1404 Casilinum
388 1369 420 1403 eo
436 1362 549 1420 tempore
560 1352 689 1418 quingenti
702 1353 852 1404 Praenellini
866 1356 916 1406 ha·

147 1429 248 1494 bebant,
260 1447 316 1481 cum
330 1431 413 1499 paucis
425 1431 544 1480 Romanis
555 1430 689 1498 Latinique
700 1430 822 1495 nominis,
844 1447 915 1500 quos

146 1507 235 1558 eodem
253 1507 338 1576 audita
359 1504 490 1558 Cannensis
507 1505 587 1556 clades
601 1507 759 1573 contulerat„
787 1507 825 1569 hi,
854 1523 914 1560 nou

148 1584 262 1638 conserto
275 1586 391 1636 l'raenelic
406 1584 437 1635 ad
449 1583 515 1634 diem
526 1583 629 1647 delectu,
647 1583 723 1634 serius
737 1584 848 1649 profecti
860 1587 913 1638 do·

146 1679 198 1726 rno,
216 1681 294 1731 quum
308 1665 440 1716 Casilinum
452 1655 511 1712 aitte
527 1662 635 1712 adversa
645 1678 736 1730 pugno
747 1662 848 1714 famam
861 1681 911 1716 ve·

145 1739 240 1805 nitunt,
258 1742 283 1792 δι
302 1743 357 1792 aliis
376 1752 540 1806 aggregarent
560 1739 609 1790 sese
628 1742 748 1791 Romanis
768 1740 910 1809 sociisque,

146 1818 251 1887 proleili
262 1825 277 1869 a
290 1820 397 1870 Casilino
410 1834 486 1884 quum
497 1818 555 1868 satis
567 1833 658 1882 magno
669 1819 769 1882 agmine
782 1818 852 1869 irent
859 1840 869 1882 ς
877 1836 908 1886 a·

147 1900 224 1948 rertit
241 1914 282 1949 eos
300 1909 367 1950 retro
387 1896 520 1947 Casilinum
532 1899 636 1948 nuncius
655 1897 787 1948 Cannensis
799 1914 907 1964 pugnae.

146 1975 181 2027 ibi
194 1994 270 2044 quum
283 1978 333 2028 dies
345 1978 447 2043 aliquot,
466 1975 570 2044 sulpctli
582 1975 715 2042 Campanis
724 1964 906 2044 timenteiquq

145 2057 263 2108 cavendis
276 2073 311 2116 ,ac
331 2056 448 2107 struendis
467 2059 494 2106 iu
514 2057 598 2107 vicem
617 2053 709 2104 insidiis
727 2043 904 2119 tradunlreit,

141 2135 245 2201 jamque
262 2135 292 2185 dc
306 2141 396 2204 Capuae
408 2134 545 2186 deicaione
560 2135 610 2199 agi,
627 2134 756 2200 accipique
768 2134 904 2185 Hanniba-

142 2205 193 2264 'lcm
205 2214 261 2264 sutis
279 2231 325 2282 pro
343 2227 411 2265 certo
424 2206 539 2279 habuere,
563 2211 696 2263 intersectis
706 2210 779 2262 noae
791 2213 902 2281 oppida-

144 2293 190 2357 nis,
209 2302 303 2359 partem
320 2291 397 2356 urbis,
414 2307 467 2358 quae
487 2292 522 2342 cis
540 2291 693 2340 Vulturnum
709 2289 752 2352 est,
770 2290 814 2352 (co
830 2293 901 2341 eninr

144 2369 267 2421 dividitur
278 2371 354 2434 amni)
375 2384 541 2437 occupavere.
560 2368 632 2433 idque
644 2365 784 2434 praesrdium
798 2367 899 2418 Casilini

144 2450 269 2502 habebant
291 2449 407 2500 Romani.
443 2447 587 2498 Additur&
602 2445 714 2494 Perusina
731 2447 832 2509 cohors,
849 2447 899 2495 ho-

144 2529 223 2579 mines
245 2527 419 2593 quadringenti
442 2525 579 2590 sexaginta,
605 2523 693 2575 eodem
716 2525 821 2586 nuncio,
844 2541 898 2591 quo

143 2606 282 2658 Praenellini
300 2621 391 2672 paucos
410 2614 466 2654 ante
484 2602 543 2664 dies,
562 2603 695 2652 Casilinum
715 2601 845 2667 compulli.
870 2603 898 2654 δι

142 2683 198 2736 satis
211 2683 289 2732 senne
306 2693 458 2735 armatorum
479 2680 575 2730 adram
590 2679 682 2744 exigua
694 2680 793 2749 moenia,
811 2680 836 2729 &
847 2680 897 2730 flu·

142 2763 209 2816 mine
219 2761 293 2810 alteri
302 2771 371 2827 parte
383 2759 469 2820 cincla,
488 2757 578 2807 tuenda
588 2767 650 2806 crat.
668 2757 772 2824 penuria
784 2756 896 2808 frumen·

143 2845 173 2908 ti,
193 2841 296 2905 nimiqm
309 2840 384 2888 eriam
396 2851 423 2886 ιιι
435 2829 561 2886 videretur
572 2837 710 2897 hominurn,
729 2835 861 2885 efficiebat.

176 2920 276 2968 xv111.
296 2915 420 2965 Hannibal
438 2929 524 2978 quum¹
530 2914 583 2977 jam
602 2913 659 2962 inde
679 2912 745 2983 haud
758 2915 846 2980 procul
858 2913 894 2964 ci-

141 2995 184 3054 set‚
196 2993 308 3042 ‘Gaetulos
321 3007 377 3040 cum
390 2989 512 3056 prael'cflo,
530 2993 632 3041 nomine
644 2990 730 3053 Isalca,
747 2995 893 3058 praemittit:

139 3080 169 3118 ac
185 3067 275 3132 primo,
292 3065 310 3115 fi
326 3065 371 3116 fiat
391 3066 511 3132 colloquii
529 3068 611 3136 copia,
628 3059 712 3121 uerbis
730 3067 847 3134 benignis
863 3069 895 3124 ad

804 3155 891 3214 portat
