<?xml version="1.0" encoding="UTF-8"?>
<!DOCTYPE html PUBLIC "-//W3C//DTD XHTML 1.0 Transitional//EN"
    "http://www.w3.org/TR/xhtml1/DTD/xhtml1-transitional.dtd">
<html xmlns="http://www.w3.org/1999/xhtml" xml:lang="en" lang="en">
 <head>
  <title>
</title>
<meta http-equiv="Content-Type" content="text/html;charset=utf-8" />
  <meta name='ocr-system' content='tesseract 3.04.00' />
  <meta name='ocr-capabilities' content='ocr_page ocr_carea ocr_par ocr_line ocrx_word'/>
</head>
<body>
  <div class='ocr_page' id='page_1' title='image "./titiliviipatavi01ruddgoog_0307.png"; bbox 0 0 2000 3709; ppageno 0'>
   <div class='ocr_carea' id='block_1_1' title="bbox 311 185 842 258">
    <p class='ocr_par' dir='ltr' id='par_1_1' title="bbox 311 185 842 258">
     <span class='ocr_line' id='line_1_1' title="bbox 311 185 842 258; baseline -0.009 -12"><span class='ocrx_word' id='word_1_1' title='bbox 311 191 479 246; x_wconf 80' lang='lat' dir='ltr'>LIBER</span> <span class='ocrx_word' id='word_1_2' title='bbox 514 185 668 244; x_wconf 78' lang='lat' dir='ltr'><strong>xxm.</strong></span> <span class='ocrx_word' id='word_1_3' title='bbox 727 251 734 258; x_wconf 48' lang='grc'><strong>,</strong></span> <span class='ocrx_word' id='word_1_4' title='bbox 791 202 842 252; x_wconf 72' lang='lat'>299</span> 
     </span>
    </p>
   </div>
   <div class='ocr_carea' id='block_1_2' title="bbox 88 279 907 2521">
    <p class='ocr_par' dir='ltr' id='par_1_2' title="bbox 88 279 907 2521">
     <span class='ocr_line' id='line_1_2' title="bbox 101 279 848 352; baseline -0.004 -20"><span class='ocrx_word' id='word_1_5' title='bbox 101 291 145 345; x_wconf 76' lang='lat' dir='ltr'>que</span> <span class='ocrx_word' id='word_1_6' title='bbox 153 282 249 334; x_wconf 86' lang='lat' dir='ltr'>occulta</span> <span class='ocrx_word' id='word_1_7' title='bbox 260 281 367 334; x_wconf 74' lang='lat' dir='ltr'>decade</span> <span class='ocrx_word' id='word_1_8' title='bbox 379 284 522 352; x_wconf 82' lang='lat' dir='ltr'>principum</span> <span class='ocrx_word' id='word_1_9' title='bbox 533 283 559 333; x_wconf 75' lang='lat' dir='ltr'>tt</span> <span class='ocrx_word' id='word_1_10' title='bbox 574 279 715 350; x_wconf 82' lang='lat' dir='ltr'>proditione</span> <span class='ocrx_word' id='word_1_11' title='bbox 726 279 848 332; x_wconf 76' lang='lat' dir='ltr'>urbisin</span> 
     </span>
     <span class='ocr_line' id='line_1_3' title="bbox 98 349 907 448; baseline -0.006 -39"><span class='ocrx_word' id='word_1_12' title='bbox 98 349 199 411; x_wconf 75' lang='lat' dir='ltr'>ibantur.</span> <span class='ocrx_word' id='word_1_13' title='bbox 237 364 336 428; x_wconf 80' lang='lat' dir='ltr'><strong>Quibus</strong></span> <span class='ocrx_word' id='word_1_14' title='bbox 356 379 388 413; x_wconf 87' lang='lat' dir='ltr'>ne</span> <span class='ocrx_word' id='word_1_15' title='bbox 407 363 506 430; x_wconf 84' lang='lat' dir='ltr'>iuccpta</span> <span class='ocrx_word' id='word_1_16' title='bbox 524 361 704 448; x_wconf 79' lang='lat' dir='ltr'>procederent,</span> <span class='ocrx_word' id='word_1_17' title='bbox 714 355 778 410; x_wconf 85' lang='lat' dir='ltr'>ir&#39;stcr</span> <span class='ocrx_word' id='word_1_18' title='bbox 799 362 845 408; x_wconf 87' lang='lat' dir='ltr'>Ca·</span> <span class='ocrx_word' id='word_1_19' title='bbox 904 396 907 404; x_wconf 90' lang='lat'><em>.</em></span> 
     </span>
     <span class='ocr_line' id='line_1_4' title="bbox 99 437 846 507; baseline -0.005 -20"><span class='ocrx_word' id='word_1_20' title='bbox 99 449 167 502; x_wconf 82' lang='lat' dir='ltr'>puarn</span> <span class='ocrx_word' id='word_1_21' title='bbox 178 440 305 507; x_wconf 84' lang='lat' dir='ltr'>castraque</span> <span class='ocrx_word' id='word_1_22' title='bbox 317 441 471 502; x_wconf 74' lang='lat' dir='ltr'>Hannibalis</span> <span class='ocrx_word' id='word_1_23' title='bbox 489 439 583 504; x_wconf 86' lang='lat' dir='ltr'>quaein</span> <span class='ocrx_word' id='word_1_24' title='bbox 596 437 689 488; x_wconf 77' lang='lat' dir='ltr'>Tristis</span> <span class='ocrx_word' id='word_1_25' title='bbox 699 447 777 499; x_wconf 85' lang='lat' dir='ltr'>erant</span> <span class='ocrx_word' id='word_1_26' title='bbox 794 444 846 484; x_wconf 84' lang='lat' dir='ltr'>tra-</span> 
     </span>
     <span class='ocr_line' id='line_1_5' title="bbox 97 512 848 584; baseline -0.005 -20"><span class='ocrx_word' id='word_1_27' title='bbox 97 512 164 565; x_wconf 78' lang='lat' dir='ltr'>ducto</span> <span class='ocrx_word' id='word_1_28' title='bbox 172 519 295 583; x_wconf 85' lang='lat' dir='ltr'>exercitu,</span> <span class='ocrx_word' id='word_1_29' title='bbox 312 519 404 568; x_wconf 86' lang='lat' dir='ltr'>Fabius</span> <span class='ocrx_word' id='word_1_30' title='bbox 414 517 486 584; x_wconf 86' lang='lat' dir='ltr'>super</span> <span class='ocrx_word' id='word_1_31' title='bbox 494 514 651 565; x_wconf 86' lang='lat' dir='ltr'>Vesuvium&#39;</span> <span class='ocrx_word' id='word_1_32' title='bbox 644 531 670 566; x_wconf 89' lang='grc' dir='ltr'>ιιι</span> <span class='ocrx_word' id='word_1_33' title='bbox 682 513 764 564; x_wconf 79' lang='lat' dir='ltr'>castris</span> <span class='ocrx_word' id='word_1_34' title='bbox 775 513 848 564; x_wconf 75' lang='lat' dir='ltr'>clau-</span> 
     </span>
     <span class='ocr_line' id='line_1_6' title="bbox 95 589 847 660; baseline -0.005 -16"><span class='ocrx_word' id='word_1_35' title='bbox 95 589 168 644; x_wconf 83' lang='lat' dir='ltr'>diauis</span> <span class='ocrx_word' id='word_1_36' title='bbox 178 595 308 657; x_wconf 86' lang='lat' dir='ltr'>consedit;</span> <span class='ocrx_word' id='word_1_37' title='bbox 326 596 384 645; x_wconf 87' lang='lat' dir='ltr'>inde</span> <span class='ocrx_word' id='word_1_38' title='bbox 395 597 434 644; x_wconf 90' lang='lat' dir='ltr'>M.</span> <span class='ocrx_word' id='word_1_39' title='bbox 447 593 595 643; x_wconf 84' lang='lat' dir='ltr'>Marcellum</span> <span class='ocrx_word' id='word_1_40' title='bbox 604 591 776 660; x_wconf 80' lang='lat' dir='ltr'>proconsulem</span> <span class='ocrx_word' id='word_1_41' title='bbox 789 603 847 640; x_wconf 88' lang='lat' dir='ltr'>cum</span> 
     </span>
     <span class='ocr_line' id='line_1_7' title="bbox 94 667 812 738; baseline -0.001 -20"><span class='ocrx_word' id='word_1_42' title='bbox 94 668 121 718; x_wconf 85' lang='lat' dir='ltr'>iis</span> <span class='ocrx_word' id='word_1_43' title='bbox 131 672 222 737; x_wconf 88' lang='lat' dir='ltr'>copiis,</span> <span class='ocrx_word' id='word_1_44' title='bbox 240 687 299 738; x_wconf 88' lang='lat' dir='ltr'>quas</span> <span class='ocrx_word' id='word_1_45' title='bbox 312 673 427 732; x_wconf 83' lang='lat' dir='ltr'>habebat,</span> <span class='ocrx_word' id='word_1_46' title='bbox 444 669 537 720; x_wconf 88' lang='lat' dir='ltr'>Nolam</span> <span class='ocrx_word' id='word_1_47' title='bbox 549 670 576 718; x_wconf 90' lang='lat' dir='ltr'>in</span> <span class='ocrx_word' id='word_1_48' title='bbox 587 667 726 735; x_wconf 80' lang='lat' dir='ltr'>praesclium</span> <span class='ocrx_word' id='word_1_49' title='bbox 737 667 812 718; x_wconf 86' lang='lat' dir='ltr'>milit.</span> 
     </span>
     <span class='ocr_line' id='line_1_8' title="bbox 124 745 894 814; baseline -0.001 -20"><span class='ocrx_word' id='word_1_50' title='bbox 124 749 180 796; x_wconf 87' lang='lat' dir='ltr'>XL.</span> <span class='ocrx_word' id='word_1_51' title='bbox 200 751 272 800; x_wconf 84' lang='lat' dir='ltr'>Etis</span> <span class='ocrx_word' id='word_1_52' title='bbox 290 749 400 804; x_wconf 87' lang='lat' dir='ltr'>sardinia</span> <span class='ocrx_word' id='word_1_53' title='bbox 418 763 454 798; x_wconf 90' lang='lat' dir='ltr'>res</span> <span class='ocrx_word' id='word_1_54' title='bbox 470 763 514 814; x_wconf 89' lang='lat' dir='ltr'>per</span> <span class='ocrx_word' id='word_1_55' title='bbox 529 749 564 796; x_wconf 90' lang='lat' dir='ltr'>T.</span> <span class='ocrx_word' id='word_1_56' title='bbox 576 745 701 797; x_wconf 84' lang='lat' dir='ltr'>Manlirun</span> <span class='ocrx_word' id='word_1_57' title='bbox 713 755 845 814; x_wconf 69' lang='lat' dir='ltr'>pretorem</span> <span class='ocrx_word' id='word_1_58' title='bbox 883 765 894 783; x_wconf 58' lang='lat' dir='ltr'>s</span> 
     </span>
     <span class='ocr_line' id='line_1_9' title="bbox 91 821 846 896; baseline 0.005 -26"><span class='ocrx_word' id='word_1_59' title='bbox 91 821 255 878; x_wconf 80' lang='lat' dir='ltr'>administrari</span> <span class='ocrx_word' id='word_1_60' title='bbox 273 837 370 896; x_wconf 71' lang='lat' dir='ltr'>creptae,</span> <span class='ocrx_word' id='word_1_61' title='bbox 387 843 439 893; x_wconf 81' lang='lat' dir='ltr'>quat</span> <span class='ocrx_word' id='word_1_62' title='bbox 453 823 644 888; x_wconf 33' lang='lat' dir='ltr'>omissa-erant,</span> <span class='ocrx_word' id='word_1_63' title='bbox 662 825 791 892; x_wconf 84' lang='lat' dir='ltr'>postquam</span> <span class='ocrx_word' id='word_1_64' title='bbox 809 826 846 888; x_wconf 73' lang='lat' dir='ltr'>Q·</span> 
     </span>
     <span class='ocr_line' id='line_1_10' title="bbox 89 901 846 970; baseline 0 -21"><span class='ocrx_word' id='word_1_65' title='bbox 89 901 189 952; x_wconf 84' lang='lat' dir='ltr'>Mucius</span> <span class='ocrx_word' id='word_1_66' title='bbox 202 915 296 970; x_wconf 86' lang='lat' dir='ltr'>praetor</span> <span class='ocrx_word' id='word_1_67' title='bbox 308 905 380 970; x_wconf 81' lang='lat' dir='ltr'>gravi</span> <span class='ocrx_word' id='word_1_68' title='bbox 394 903 485 968; x_wconf 86' lang='lat' dir='ltr'>morbo</span> <span class='ocrx_word' id='word_1_69' title='bbox 499 901 534 950; x_wconf 84' lang='lat' dir='ltr'>est</span> <span class='ocrx_word' id='word_1_70' title='bbox 545 902 690 968; x_wconf 85' lang='lat' dir='ltr'>implicitus.</span> <span class='ocrx_word' id='word_1_71' title='bbox 725 901 846 962; x_wconf 85' lang='lat' dir='ltr'>Manlius,</span> 
     </span>
     <span class='ocr_line' id='line_1_11' title="bbox 91 975 846 1048; baseline 0.004 -23"><span class='ocrx_word' id='word_1_72' title='bbox 91 979 196 1031; x_wconf 86' lang='lat' dir='ltr'>navibus</span> <span class='ocrx_word' id='word_1_73' title='bbox 209 983 292 1048; x_wconf 81' lang='lat' dir='ltr'>longis</span> <span class='ocrx_word' id='word_1_74' title='bbox 304 982 335 1032; x_wconf 89' lang='lat' dir='ltr'>ad</span> <span class='ocrx_word' id='word_1_75' title='bbox 350 983 447 1032; x_wconf 76' lang='lat' dir='ltr'>Carales</span> <span class='ocrx_word' id='word_1_76' title='bbox 462 979 595 1044; x_wconf 56' lang='lat' dir='ltr'>subduiiis</span> <span class='ocrx_word' id='word_1_77' title='bbox 613 975 792 1044; x_wconf 85' lang='lat' dir='ltr'>navalibusque</span> <span class='ocrx_word' id='word_1_78' title='bbox 805 978 846 1028; x_wconf 91' lang='lat' dir='ltr'>so·</span> 
     </span>
     <span class='ocr_line' id='line_1_12' title="bbox 91 1054 846 1124; baseline 0.004 -23"><span class='ocrx_word' id='word_1_79' title='bbox 91 1054 257 1124; x_wconf 69' lang='lat' dir='ltr'>cismatis,</span> <span class='ocrx_word' id='word_1_80' title='bbox 274 1069 304 1110; x_wconf 92' lang='lat' dir='ltr'>ut</span> <span class='ocrx_word' id='word_1_81' title='bbox 321 1057 385 1108; x_wconf 70' lang='lat' dir='ltr'>terri</span> <span class='ocrx_word' id='word_1_82' title='bbox 402 1073 455 1108; x_wconf 86' lang='lat' dir='ltr'>reru</span> <span class='ocrx_word' id='word_1_83' title='bbox 473 1067 579 1121; x_wconf 82' lang='lat' dir='ltr'>gereret,</span> <span class='ocrx_word' id='word_1_84' title='bbox 597 1056 621 1105; x_wconf 83' lang='lat'>&amp;</span> <span class='ocrx_word' id='word_1_85' title='bbox 633 1060 648 1104; x_wconf 79' lang='lat' dir='ltr'>a</span> <span class='ocrx_word' id='word_1_86' title='bbox 658 1064 763 1123; x_wconf 80' lang='lat' dir='ltr'>praetore</span> <span class='ocrx_word' id='word_1_87' title='bbox 775 1068 846 1105; x_wconf 86' lang='lat' dir='ltr'>exer-</span> 
     </span>
     <span class='ocr_line' id='line_1_13' title="bbox 91 1131 847 1204; baseline 0.003 -24"><span class='ocrx_word' id='word_1_88' title='bbox 91 1133 269 1204; x_wconf 86' lang='lat' dir='ltr'>cituaccepto,</span> <span class='ocrx_word' id='word_1_89' title='bbox 287 1137 338 1188; x_wconf 91' lang='lat' dir='ltr'>duo</span> <span class='ocrx_word' id='word_1_90' title='bbox 356 1137 381 1187; x_wconf 69' lang='grc' dir='ltr'>ἃ</span> <span class='ocrx_word' id='word_1_91' title='bbox 398 1135 491 1199; x_wconf 83' lang='lat' dir='ltr'>viginti</span> <span class='ocrx_word' id='word_1_92' title='bbox 508 1133 587 1183; x_wconf 88' lang='lat' dir='ltr'>millia</span> <span class='ocrx_word' id='word_1_93' title='bbox 604 1132 724 1200; x_wconf 86' lang='lat' dir='ltr'>peditum,</span> <span class='ocrx_word' id='word_1_94' title='bbox 741 1131 847 1182; x_wconf 74' lang='lat' dir='ltr'>mille&amp;</span> 
     </span>
     <span class='ocr_line' id='line_1_14' title="bbox 92 1207 848 1282; baseline 0.004 -25"><span class='ocrx_word' id='word_1_95' title='bbox 92 1207 212 1264; x_wconf 86' lang='lat' dir='ltr'>ducentos</span> <span class='ocrx_word' id='word_1_96' title='bbox 224 1216 321 1282; x_wconf 83' lang='lat' dir='ltr'>equites</span> <span class='ocrx_word' id='word_1_97' title='bbox 333 1213 450 1265; x_wconf 82' lang='lat' dir='ltr'>confecit</span> <span class='ocrx_word' id='word_1_98' title='bbox 476 1216 540 1263; x_wconf 83' lang='lat' dir='ltr'>Cum</span> <span class='ocrx_word' id='word_1_99' title='bbox 553 1212 591 1260; x_wconf 85' lang='lat' dir='ltr'>his</span> <span class='ocrx_word' id='word_1_100' title='bbox 602 1212 713 1277; x_wconf 88' lang='lat' dir='ltr'>equitum</span> <span class='ocrx_word' id='word_1_101' title='bbox 725 1209 848 1278; x_wconf 85' lang='lat' dir='ltr'>pediturn·</span> 
     </span>
     <span class='ocr_line' id='line_1_15' title="bbox 91 1286 858 1360; baseline -0.005 -20"><span class='ocrx_word' id='word_1_102' title='bbox 91 1301 137 1351; x_wconf 74' lang='lat' dir='ltr'>que</span> <span class='ocrx_word' id='word_1_103' title='bbox 148 1293 230 1358; x_wconf 85' lang='lat' dir='ltr'>copiis</span> <span class='ocrx_word' id='word_1_104' title='bbox 248 1292 401 1360; x_wconf 77' lang='lat' dir='ltr'>prosestus&#39;</span> <span class='ocrx_word' id='word_1_105' title='bbox 394 1304 420 1340; x_wconf 89' lang='grc' dir='ltr'>ιιι</span> <span class='ocrx_word' id='word_1_106' title='bbox 437 1304 526 1355; x_wconf 79' lang='lat' dir='ltr'>agutur</span> <span class='ocrx_word' id='word_1_107' title='bbox 543 1287 658 1351; x_wconf 85' lang='lat' dir='ltr'>hostiurn,</span> <span class='ocrx_word' id='word_1_108' title='bbox 668 1286 742 1338; x_wconf 86' lang='lat' dir='ltr'>haud</span> <span class='ocrx_word' id='word_1_109' title='bbox 759 1287 858 1354; x_wconf 85' lang='lat' dir='ltr'>procul-</span> 
     </span>
     <span class='ocr_line' id='line_1_16' title="bbox 91 1325 848 1437; baseline -0.012 -16"><span class='ocrx_word' id='word_1_110' title='bbox 91 1365 122 1412; x_wconf 67' lang='lat' dir='ltr'>ab</span> <span class='ocrx_word' id='word_1_111' title='bbox 133 1369 305 1437; x_wconf 71' lang='grc' dir='ltr'><strong>Ηιιιιρΐιεοικ</strong></span> <span class='ocrx_word' id='word_1_112' title='bbox 315 1369 395 1418; x_wconf 88' lang='lat' dir='ltr'>caslris</span> <span class='ocrx_word' id='word_1_113' title='bbox 407 1367 481 1417; x_wconf 77' lang='lat' dir='ltr'>castra</span> <span class='ocrx_word' id='word_1_114' title='bbox 493 1365 591 1434; x_wconf 87' lang='lat' dir='ltr'>posuit.¹</span> <span class='ocrx_word' id='word_1_115' title='bbox 620 1325 782 1431; x_wconf 72' lang='lat' dir='ltr'>Hampsicora</span> <span class='ocrx_word' id='word_1_116' title='bbox 793 1372 848 1412; x_wconf 86' lang='lat' dir='ltr'>turn</span> 
     </span>
     <span class='ocr_line' id='line_1_17' title="bbox 92 1439 849 1512; baseline -0.004 -20"><span class='ocrx_word' id='word_1_117' title='bbox 92 1439 155 1492; x_wconf 76' lang='lat' dir='ltr'>sorte</span> <span class='ocrx_word' id='word_1_118' title='bbox 174 1445 302 1512; x_wconf 71' lang='lat' dir='ltr'>prosefius</span> <span class='ocrx_word' id='word_1_119' title='bbox 319 1455 371 1496; x_wconf 87' lang='lat' dir='ltr'>erat</span> <span class='ocrx_word' id='word_1_120' title='bbox 387 1445 413 1495; x_wconf 93' lang='lat' dir='ltr'>in</span> <span class='ocrx_word' id='word_1_121' title='bbox 428 1443 528 1494; x_wconf 85' lang='lat' dir='ltr'>Pellitos</span> <span class='ocrx_word' id='word_1_122' title='bbox 546 1441 633 1493; x_wconf 81' lang='lat' dir='ltr'>sardos</span> <span class='ocrx_word' id='word_1_123' title='bbox 644 1441 675 1492; x_wconf 85' lang='lat' dir='ltr'>ad</span> <span class='ocrx_word' id='word_1_124' title='bbox 687 1442 849 1506; x_wconf 83' lang='lat' dir='ltr'>juventutem</span> 
     </span>
     <span class='ocr_line' id='line_1_18' title="bbox 92 1517 849 1591; baseline -0.008 -19"><span class='ocrx_word' id='word_1_125' title='bbox 92 1525 248 1588; x_wconf 82' lang='lat' dir='ltr'>annandam,</span> <span class='ocrx_word' id='word_1_126' title='bbox 265 1526 314 1591; x_wconf 73' lang='lat' dir='ltr'>qui</span> <span class='ocrx_word' id='word_1_127' title='bbox 330 1521 416 1591; x_wconf 83' lang='lat' dir='ltr'>copias</span> <span class='ocrx_word' id='word_1_128' title='bbox 432 1530 544 1587; x_wconf 84' lang='lat' dir='ltr'>augeret.</span> <span class='ocrx_word' id='word_1_129' title='bbox 578 1520 727 1584; x_wconf 64' lang='lat' dir='ltr'>filiuseius,</span> <span class='ocrx_word' id='word_1_130' title='bbox 745 1517 849 1568; x_wconf 79' lang='lat' dir='ltr'>nomine</span> 
     </span>
     <span class='ocr_line' id='line_1_19' title="bbox 92 1597 849 1670; baseline -0.004 -24"><span class='ocrx_word' id='word_1_131' title='bbox 92 1598 201 1663; x_wconf 71' lang='lat' dir='ltr'>molius,</span> <span class='ocrx_word' id='word_1_132' title='bbox 221 1603 303 1651; x_wconf 82' lang='lat' dir='ltr'>castris</span> <span class='ocrx_word' id='word_1_133' title='bbox 315 1611 434 1670; x_wconf 86' lang='lat' dir='ltr'>praeerat:</span> <span class='ocrx_word' id='word_1_134' title='bbox 452 1602 481 1664; x_wconf 85' lang='lat' dir='ltr'>is,</span> <span class='ocrx_word' id='word_1_135' title='bbox 498 1597 664 1648; x_wconf 63' lang='lat' dir='ltr'>adolescentis</span> <span class='ocrx_word' id='word_1_136' title='bbox 675 1597 757 1662; x_wconf 80' lang='lat' dir='ltr'>ferox,</span> <span class='ocrx_word' id='word_1_137' title='bbox 772 1605 849 1644; x_wconf 83' lang='lat' dir='ltr'>terne·</span> 
     </span>
     <span class='ocr_line' id='line_1_20' title="bbox 91 1673 849 1744; baseline 0 -21"><span class='ocrx_word' id='word_1_138' title='bbox 91 1689 118 1723; x_wconf 86' lang='lat' dir='ltr'>re</span> <span class='ocrx_word' id='word_1_139' title='bbox 134 1680 223 1744; x_wconf 81' lang='lat' dir='ltr'>praelio</span> <span class='ocrx_word' id='word_1_140' title='bbox 236 1680 299 1729; x_wconf 89' lang='lat' dir='ltr'>inito</span> <span class='ocrx_word' id='word_1_141' title='bbox 311 1679 377 1729; x_wconf 85' lang='lat' dir='ltr'>susus</span> <span class='ocrx_word' id='word_1_142' title='bbox 388 1675 546 1743; x_wconf 75' lang='lat' dir='ltr'>fugatusque.</span> <span class='ocrx_word' id='word_1_143' title='bbox 563 1675 594 1724; x_wconf 82' lang='lat' dir='ltr'>ad</span> <span class='ocrx_word' id='word_1_144' title='bbox 612 1675 660 1725; x_wconf 89' lang='lat' dir='ltr'>tria</span> <span class='ocrx_word' id='word_1_145' title='bbox 671 1674 748 1724; x_wconf 87' lang='lat' dir='ltr'>millia</span> <span class='ocrx_word' id='word_1_146' title='bbox 760 1673 849 1724; x_wconf 76' lang='lat' dir='ltr'>Sardo</span> 
     </span>
     <span class='ocr_line' id='line_1_21' title="bbox 92 1752 847 1822; baseline 0 -20"><span class='ocrx_word' id='word_1_147' title='bbox 92 1768 146 1804; x_wconf 90' lang='lat' dir='ltr'>rtuu</span> <span class='ocrx_word' id='word_1_148' title='bbox 158 1773 193 1806; x_wconf 90' lang='lat' dir='ltr'>eo</span> <span class='ocrx_word' id='word_1_149' title='bbox 206 1758 293 1822; x_wconf 84' lang='lat' dir='ltr'>proelio</span> <span class='ocrx_word' id='word_1_150' title='bbox 305 1755 373 1820; x_wconf 79' lang='lat' dir='ltr'>caesa,</span> <span class='ocrx_word' id='word_1_151' title='bbox 391 1754 527 1818; x_wconf 69' lang='lat' dir='ltr'>eslingensi</span> <span class='ocrx_word' id='word_1_152' title='bbox 541 1753 619 1803; x_wconf 84' lang='lat' dir='ltr'>serore</span> <span class='ocrx_word' id='word_1_153' title='bbox 631 1753 687 1802; x_wconf 82' lang='lat' dir='ltr'>vivi</span> <span class='ocrx_word' id='word_1_154' title='bbox 700 1752 775 1819; x_wconf 89' lang='lat' dir='ltr'>capti.</span> <span class='ocrx_word' id='word_1_155' title='bbox 813 1755 847 1802; x_wconf 80' lang='lat' dir='ltr'>A·</span> 
     </span>
     <span class='ocr_line' id='line_1_22' title="bbox 88 1829 847 1900; baseline -0.001 -22"><span class='ocrx_word' id='word_1_156' title='bbox 88 1829 137 1881; x_wconf 82' lang='lat' dir='ltr'>lius</span> <span class='ocrx_word' id='word_1_157' title='bbox 149 1835 278 1884; x_wconf 86' lang='lat' dir='ltr'>exercitus</span> <span class='ocrx_word' id='word_1_158' title='bbox 290 1834 371 1900; x_wconf 82' lang='lat' dir='ltr'>primo</span> <span class='ocrx_word' id='word_1_159' title='bbox 382 1849 426 1899; x_wconf 85' lang='lat' dir='ltr'>per</span> <span class='ocrx_word' id='word_1_160' title='bbox 442 1846 515 1896; x_wconf 87' lang='lat' dir='ltr'>agros</span> <span class='ocrx_word' id='word_1_161' title='bbox 530 1829 650 1896; x_wconf 88' lang='lat' dir='ltr'>silvasque</span> <span class='ocrx_word' id='word_1_162' title='bbox 662 1829 721 1893; x_wconf 74' lang='lat' dir='ltr'>sugi</span> <span class='ocrx_word' id='word_1_163' title='bbox 733 1829 847 1896; x_wconf 53' lang='lat' dir='ltr'>palatus}</span> 
     </span>
     <span class='ocr_line' id='line_1_23' title="bbox 94 1905 849 1976; baseline -0.007 -20"><span class='ocrx_word' id='word_1_164' title='bbox 94 1907 158 1972; x_wconf 82' lang='lat' dir='ltr'>dein,</span> <span class='ocrx_word' id='word_1_165' title='bbox 179 1915 231 1976; x_wconf 77' lang='lat' dir='ltr'>quo</span> <span class='ocrx_word' id='word_1_166' title='bbox 249 1910 338 1960; x_wconf 88' lang='lat' dir='ltr'>ducem</span> <span class='ocrx_word' id='word_1_167' title='bbox 348 1907 435 1973; x_wconf 75' lang='lat' dir='ltr'>fugisse</span> <span class='ocrx_word' id='word_1_168' title='bbox 449 1909 515 1957; x_wconf 87' lang='lat' dir='ltr'>sama</span> <span class='ocrx_word' id='word_1_169' title='bbox 530 1918 590 1969; x_wconf 80' lang='lat' dir='ltr'>erat,</span> <span class='ocrx_word' id='word_1_170' title='bbox 606 1906 638 1956; x_wconf 86' lang='lat' dir='ltr'>ad</span> <span class='ocrx_word' id='word_1_171' title='bbox 649 1907 733 1956; x_wconf 87' lang='lat' dir='ltr'>urbem</span> <span class='ocrx_word' id='word_1_172' title='bbox 746 1905 849 1954; x_wconf 87' lang='lat' dir='ltr'>nomine</span> 
     </span>
     <span class='ocr_line' id='line_1_24' title="bbox 95 1981 852 2056; baseline -0.007 -19"><span class='ocrx_word' id='word_1_173' title='bbox 95 1991 219 2053; x_wconf 84' lang='lat' dir='ltr'>Cornum,</span> <span class='ocrx_word' id='word_1_174' title='bbox 242 1999 355 2056; x_wconf 79' lang='lat' dir='ltr'>caputJ</span> <span class='ocrx_word' id='word_1_175' title='bbox 334 1987 385 2037; x_wconf 88' lang='lat' dir='ltr'>e&#39;us</span> <span class='ocrx_word' id='word_1_176' title='bbox 405 1987 521 2051; x_wconf 84' lang='lat' dir='ltr'>regionis,</span> <span class='ocrx_word' id='word_1_177' title='bbox 539 1985 661 2048; x_wconf 75' lang='lat' dir='ltr'>confugit:</span> <span class='ocrx_word' id='word_1_178' title='bbox 690 1981 852 2032; x_wconf 85' lang='lat' dir='ltr'>debellatum·</span> 
     </span>
     <span class='ocr_line' id='line_1_25' title="bbox 89 2005 851 2133; baseline -0.007 -19"><span class='ocrx_word' id='word_1_179' title='bbox 89 2067 140 2129; x_wconf 89' lang='lat' dir='ltr'>&#39;que</span> <span class='ocrx_word' id='word_1_180' title='bbox 152 2083 185 2116; x_wconf 88' lang='lat' dir='ltr'>eo</span> <span class='ocrx_word' id='word_1_181' title='bbox 204 2065 318 2133; x_wconf 83' lang='lat' dir='ltr'>proelio</span> <span class='ocrx_word' id='word_1_182' title='bbox 311 2080 337 2115; x_wconf 87' lang='lat' dir='ltr'>tn</span> <span class='ocrx_word' id='word_1_183' title='bbox 345 2005 465 2114; x_wconf 77' lang='lat' dir='ltr'>JSardinia</span> <span class='ocrx_word' id='word_1_184' title='bbox 477 2061 544 2125; x_wconf 78' lang='lat' dir='ltr'>esset,</span> <span class='ocrx_word' id='word_1_185' title='bbox 562 2078 588 2110; x_wconf 92' lang='grc' dir='ltr'>ιιι</span> <span class='ocrx_word' id='word_1_186' title='bbox 580 2059 675 2110; x_wconf 84' lang='lat' dir='ltr'>classis</span> <span class='ocrx_word' id='word_1_187' title='bbox 682 2060 780 2109; x_wconf 65' lang='lat' dir='ltr'>Punica</span> <span class='ocrx_word' id='word_1_188' title='bbox 792 2073 851 2109; x_wconf 85' lang='lat' dir='ltr'>cum</span> 
     </span>
     <span class='ocr_line' id='line_1_26' title="bbox 94 2130 850 2208; baseline -0.007 -17"><span class='ocrx_word' id='word_1_189' title='bbox 94 2142 157 2196; x_wconf 85' lang='lat' dir='ltr'>duce</span> <span class='ocrx_word' id='word_1_190' title='bbox 176 2142 337 2207; x_wconf 78' lang='lat' dir='ltr'>Hasdrubale,</span> <span class='ocrx_word' id='word_1_191' title='bbox 355 2159 409 2208; x_wconf 78' lang='lat' dir='ltr'>quae</span> <span class='ocrx_word' id='word_1_192' title='bbox 426 2130 568 2206; x_wconf 80' lang='lat' dir='ltr'>tempestate</span> <span class='ocrx_word' id='word_1_193' title='bbox 586 2136 676 2202; x_wconf 70' lang='lat' dir='ltr'>dejesta</span> <span class='ocrx_word' id='word_1_194' title='bbox 694 2137 725 2187; x_wconf 83' lang='lat' dir='ltr'>sd</span> <span class='ocrx_word' id='word_1_195' title='bbox 743 2135 850 2186; x_wconf 75' lang='lat' dir='ltr'>Baliares</span> 
     </span>
     <span class='ocr_line' id='line_1_27' title="bbox 95 2213 850 2288; baseline -0.005 -20"><span class='ocrx_word' id='word_1_196' title='bbox 95 2231 155 2286; x_wconf 86' lang='lat' dir='ltr'>erat,</span> <span class='ocrx_word' id='word_1_197' title='bbox 176 2224 200 2270; x_wconf 89' lang='lat' dir='ltr'>in</span> <span class='ocrx_word' id='word_1_198' title='bbox 214 2231 327 2288; x_wconf 86' lang='lat' dir='ltr'>tempore</span> <span class='ocrx_word' id='word_1_199' title='bbox 339 2219 370 2269; x_wconf 89' lang='lat' dir='ltr'>ad</span> <span class='ocrx_word' id='word_1_200' title='bbox 379 2219 447 2286; x_wconf 84' lang='lat' dir='ltr'>spetn</span> <span class='ocrx_word' id='word_1_201' title='bbox 459 2215 593 2266; x_wconf 83' lang='lat' dir='ltr'>rebellandi</span> <span class='ocrx_word' id='word_1_202' title='bbox 604 2213 750 2266; x_wconf 83' lang='lat' dir='ltr'>advenisset.</span> <span class='ocrx_word' id='word_1_203' title='bbox 773 2218 850 2265; x_wconf 87' lang='lat' dir='ltr'>Man</span> 
     </span>
     <span class='ocr_line' id='line_1_28' title="bbox 92 2293 864 2377; baseline -0.006 -30"><span class='ocrx_word' id='word_1_204' title='bbox 92 2298 138 2349; x_wconf 84' lang='lat' dir='ltr'>lius</span> <span class='ocrx_word' id='word_1_205' title='bbox 156 2299 211 2368; x_wconf 88' lang='lat' dir='ltr'>post</span> <span class='ocrx_word' id='word_1_206' title='bbox 229 2297 322 2348; x_wconf 78' lang='lat' dir='ltr'>sannam</span> <span class='ocrx_word' id='word_1_207' title='bbox 333 2298 440 2365; x_wconf 78' lang='lat' dir='ltr'>appulsae</span> <span class='ocrx_word' id='word_1_208' title='bbox 453 2293 644 2357; x_wconf 84' lang='lat' dir='ltr'>Punicaeclallis,</span> <span class='ocrx_word' id='word_1_209' title='bbox 663 2294 760 2344; x_wconf 83' lang='lat' dir='ltr'>Carales</span> <span class='ocrx_word' id='word_1_210' title='bbox 771 2293 797 2342; x_wconf 86' lang='lat' dir='ltr'>se</span> <span class='ocrx_word' id='word_1_211' title='bbox 813 2307 864 2377; x_wconf 67' lang='lat' dir='ltr'>re·r</span> 
     </span>
     <span class='ocr_line' id='line_1_29' title="bbox 93 2371 846 2445; baseline -0.008 -19"><span class='ocrx_word' id='word_1_212' title='bbox 93 2380 170 2445; x_wconf 85' lang='lat' dir='ltr'>cepit.</span> <span class='ocrx_word' id='word_1_213' title='bbox 188 2394 218 2426; x_wconf 89' lang='lat' dir='ltr'>ea</span> <span class='ocrx_word' id='word_1_214' title='bbox 230 2375 327 2428; x_wconf 73' lang='lat' dir='ltr'>occasio</span> <span class='ocrx_word' id='word_1_215' title='bbox 341 2373 507 2441; x_wconf 73' lang='lat' dir='ltr'>Hampsicorae</span> <span class='ocrx_word' id='word_1_216' title='bbox 520 2373 578 2422; x_wconf 85' lang='lat' dir='ltr'>data</span> <span class='ocrx_word' id='word_1_217' title='bbox 590 2376 665 2444; x_wconf 85' lang='lat' dir='ltr'>Poeno</span> <span class='ocrx_word' id='word_1_218' title='bbox 677 2371 846 2436; x_wconf 83' lang='lat' dir='ltr'>sejungendi.</span> 
     </span>
     <span class='ocr_line' id='line_1_30' title="bbox 94 2449 850 2521; baseline -0.007 -15"><span class='ocrx_word' id='word_1_219' title='bbox 94 2456 243 2518; x_wconf 84' lang='lat' dir='ltr'>Hasdrubal,</span> <span class='ocrx_word' id='word_1_220' title='bbox 262 2456 340 2521; x_wconf 90' lang='lat' dir='ltr'>copiis</span> <span class='ocrx_word' id='word_1_221' title='bbox 352 2456 376 2504; x_wconf 90' lang='lat' dir='ltr'>in</span> <span class='ocrx_word' id='word_1_222' title='bbox 389 2465 480 2502; x_wconf 87' lang='lat' dir='ltr'>terram</span> <span class='ocrx_word' id='word_1_223' title='bbox 494 2451 620 2518; x_wconf 84' lang='lat' dir='ltr'>exposrtis,</span> <span class='ocrx_word' id='word_1_224' title='bbox 639 2452 664 2502; x_wconf 88' lang='lat'>&amp;</span> <span class='ocrx_word' id='word_1_225' title='bbox 679 2449 749 2501; x_wconf 81' lang='lat' dir='ltr'>classe</span> <span class='ocrx_word' id='word_1_226' title='bbox 766 2451 850 2501; x_wconf 87' lang='lat' dir='ltr'>remis·</span> 
     </span>
    </p>
   </div>
   <div class='ocr_carea' id='block_1_3' title="bbox 25 2529 941 2598">
    <p class='ocr_par' dir='ltr' id='par_1_3' title="bbox 25 2529 941 2598">
     <span class='ocr_line' id='line_1_31' title="bbox 25 2529 941 2598; baseline -0.004 -14"><span class='ocrx_word' id='word_1_227' title='bbox 25 2575 26 2578; x_wconf 19' lang='grc' dir='ltr'><strong>ι</strong></span> <span class='ocrx_word' id='word_1_228' title='bbox 94 2537 119 2584; x_wconf 72' lang='lat' dir='ltr'>si</span> <span class='ocrx_word' id='word_1_229' title='bbox 131 2535 321 2597; x_wconf 83' lang='lat' dir='ltr'>Karthaginem,</span> <span class='ocrx_word' id='word_1_230' title='bbox 338 2532 400 2581; x_wconf 88' lang='lat' dir='ltr'>duce</span> <span class='ocrx_word' id='word_1_231' title='bbox 412 2529 573 2594; x_wconf 71' lang='lat' dir='ltr'>Hampsicori</span> <span class='ocrx_word' id='word_1_232' title='bbox 587 2530 618 2579; x_wconf 89' lang='lat' dir='ltr'>ad</span> <span class='ocrx_word' id='word_1_233' title='bbox 630 2529 753 2580; x_wconf 89' lang='lat' dir='ltr'>sociorum</span> <span class='ocrx_word' id='word_1_234' title='bbox 766 2545 848 2598; x_wconf 88' lang='lat' dir='ltr'>popu·</span> <span class='ocrx_word' id='word_1_235' title='bbox 939 2587 941 2593; x_wconf 31' lang='lat'>¹</span> 
     </span>
    </p>
   </div>
   <div class='ocr_carea' id='block_1_4' title="bbox 24 2606 850 2988">
    <p class='ocr_par' dir='ltr' id='par_1_4' title="bbox 24 2606 850 2988">
     <span class='ocr_line' id='line_1_32' title="bbox 95 2606 850 2675; baseline -0.008 -11"><span class='ocrx_word' id='word_1_236' title='bbox 95 2613 113 2663; x_wconf 84' lang='lat' dir='ltr'>li</span> <span class='ocrx_word' id='word_1_237' title='bbox 124 2612 235 2664; x_wconf 86' lang='lat' dir='ltr'>Romani</span> <span class='ocrx_word' id='word_1_238' title='bbox 252 2625 339 2674; x_wconf 83' lang='lat' dir='ltr'>agrum</span> <span class='ocrx_word' id='word_1_239' title='bbox 352 2607 521 2675; x_wconf 84' lang='lat' dir='ltr'>populandum</span> <span class='ocrx_word' id='word_1_240' title='bbox 528 2606 663 2673; x_wconf 63' lang='lat' dir='ltr'>&#39;profeiius</span> <span class='ocrx_word' id='word_1_241' title='bbox 682 2607 780 2672; x_wconf 81' lang='lat' dir='ltr'>Carales</span> <span class='ocrx_word' id='word_1_242' title='bbox 792 2624 850 2675; x_wconf 86' lang='lat' dir='ltr'>per·</span> 
     </span>
     <span class='ocr_line' id='line_1_33' title="bbox 25 2683 848 2756; baseline -0.007 -15"><span class='ocrx_word' id='word_1_243' title='bbox 25 2753 26 2756; x_wconf 9' lang='lat'>¹</span> <span class='ocrx_word' id='word_1_244' title='bbox 95 2701 217 2741; x_wconf 73' lang='lat' dir='ltr'>venturus</span> <span class='ocrx_word' id='word_1_245' title='bbox 229 2698 290 2748; x_wconf 88' lang='lat' dir='ltr'>erat,</span> <span class='ocrx_word' id='word_1_246' title='bbox 307 2687 334 2735; x_wconf 91' lang='lat' dir='ltr'>ni</span> <span class='ocrx_word' id='word_1_247' title='bbox 352 2683 460 2734; x_wconf 80' lang='lat' dir='ltr'>Manlius</span> <span class='ocrx_word' id='word_1_248' title='bbox 472 2683 551 2735; x_wconf 83' lang='lat' dir='ltr'>obvio</span> <span class='ocrx_word' id='word_1_249' title='bbox 564 2686 676 2735; x_wconf 83' lang='lat' dir='ltr'>exercitu</span> <span class='ocrx_word' id='word_1_250' title='bbox 687 2685 719 2734; x_wconf 89' lang='lat' dir='ltr'>ab</span> <span class='ocrx_word' id='word_1_251' title='bbox 734 2683 809 2734; x_wconf 81' lang='lat' dir='ltr'>effusa</span> <span class='ocrx_word' id='word_1_252' title='bbox 821 2701 848 2735; x_wconf 63' lang='lat' dir='ltr'>eb</span> 
     </span>
     <span class='ocr_line' id='line_1_34' title="bbox 96 2759 850 2832; baseline -0.005 -16"><span class='ocrx_word' id='word_1_253' title='bbox 96 2781 144 2816; x_wconf 89' lang='lat' dir='ltr'>urn·</span> <span class='ocrx_word' id='word_1_254' title='bbox 152 2765 315 2832; x_wconf 76' lang='lat' dir='ltr'>populatione</span> <span class='ocrx_word' id='word_1_255' title='bbox 324 2759 491 2811; x_wconf 71' lang='lat' dir='ltr'>continuisset:</span> <span class='ocrx_word' id='word_1_256' title='bbox 524 2763 607 2811; x_wconf 78' lang='lat' dir='ltr'>Primo</span> <span class='ocrx_word' id='word_1_257' title='bbox 619 2763 693 2812; x_wconf 83' lang='lat' dir='ltr'>castra</span> <span class='ocrx_word' id='word_1_258' title='bbox 703 2762 784 2810; x_wconf 83' lang='lat' dir='ltr'>callris</span> <span class='ocrx_word' id='word_1_259' title='bbox 795 2778 850 2812; x_wconf 87' lang='lat' dir='ltr'>rno-</span> 
     </span>
     <span class='ocr_line' id='line_1_35' title="bbox 24 2837 848 2905; baseline -0.016 -7"><span class='ocrx_word' id='word_1_260' title='bbox 24 2895 25 2898; x_wconf 75' lang='grc'>,</span> <span class='ocrx_word' id='word_1_261' title='bbox 97 2847 155 2896; x_wconf 88' lang='lat' dir='ltr'>tlico</span> <span class='ocrx_word' id='word_1_262' title='bbox 166 2841 300 2892; x_wconf 80' lang='lat' dir='ltr'>intervallo</span> <span class='ocrx_word' id='word_1_263' title='bbox 313 2839 368 2889; x_wconf 87' lang='lat' dir='ltr'>sunt</span> <span class='ocrx_word' id='word_1_264' title='bbox 382 2837 487 2900; x_wconf 67' lang='lat' dir='ltr'>objecta,</span> <span class='ocrx_word' id='word_1_265' title='bbox 506 2837 593 2889; x_wconf 90' lang='lat' dir='ltr'>deinde</span> <span class='ocrx_word' id='word_1_266' title='bbox 604 2839 801 2905; x_wconf 88' lang='lat' dir='ltr'>procursationes</span> <span class='ocrx_word' id='word_1_267' title='bbox 813 2839 848 2886; x_wconf 83' lang='lat' dir='ltr'>le·</span> 
     </span>
     <span class='ocr_line' id='line_1_36' title="bbox 97 2913 849 2988; baseline -0.027 -14"><span class='ocrx_word' id='word_1_268' title='bbox 97 2926 189 2988; x_wconf 76' lang='lat' dir='ltr'>viaque</span> <span class='ocrx_word' id='word_1_269' title='bbox 208 2920 346 2970; x_wconf 85' lang='lat' dir='ltr'>certamina</span> <span class='ocrx_word' id='word_1_270' title='bbox 366 2916 438 2965; x_wconf 84' lang='lat' dir='ltr'>vario</span> <span class='ocrx_word' id='word_1_271' title='bbox 458 2928 551 2966; x_wconf 83' lang='lat' dir='ltr'>eventu</span> <span class='ocrx_word' id='word_1_272' title='bbox 571 2919 647 2967; x_wconf 84' lang='lat' dir='ltr'>inita:</span> <span class='ocrx_word' id='word_1_273' title='bbox 666 2916 788 2983; x_wconf 74' lang='lat' dir='ltr'>postremo</span> <span class='ocrx_word' id='word_1_274' title='bbox 804 2913 849 2961; x_wconf 76' lang='lat' dir='ltr'>de.</span> 
     </span>
    </p>
   </div>
   <div class='ocr_carea' id='block_1_5' title="bbox 98 2991 849 3065">
    <p class='ocr_par' dir='ltr' id='par_1_5' title="bbox 98 2991 849 3065">
     <span class='ocr_line' id='line_1_37' title="bbox 98 2991 849 3065; baseline -0.019 -10"><span class='ocrx_word' id='word_1_275' title='bbox 98 2999 212 3058; x_wconf 72' lang='lat' dir='ltr'>seculum</span> <span class='ocrx_word' id='word_1_276' title='bbox 229 3000 257 3050; x_wconf 87' lang='lat' dir='ltr'>in</span> <span class='ocrx_word' id='word_1_277' title='bbox 270 2993 497 3065; x_wconf 34' lang='lat' dir='ltr'>aciem‚rsrgnisque</span> <span class='ocrx_word' id='word_1_278' title='bbox 507 2996 612 3064; x_wconf 86' lang='lat' dir='ltr'>collatis,</span> <span class='ocrx_word' id='word_1_279' title='bbox 626 2995 692 3061; x_wconf 82' lang='lat' dir='ltr'>juslo</span> <span class='ocrx_word' id='word_1_280' title='bbox 707 2991 793 3060; x_wconf 77' lang='lat' dir='ltr'>prelio</span> <span class='ocrx_word' id='word_1_281' title='bbox 805 3007 849 3058; x_wconf 89' lang='lat' dir='ltr'>per</span> 
     </span>
    </p>
   </div>
   <div class='ocr_carea' id='block_1_6' title="bbox 438 3072 865 3142">
    <p class='ocr_par' dir='ltr' id='par_1_6' title="bbox 438 3072 865 3142">
     <span class='ocr_line' id='line_1_38' title="bbox 438 3072 865 3142; baseline -0.014 -16"><span class='ocrx_word' id='word_1_282' title='bbox 438 3072 492 3142; x_wconf 39' lang='lat' dir='ltr'>Ns·</span> <span class='ocrx_word' id='word_1_283' title='bbox 506 3122 510 3127; x_wconf 76' lang='grc'>,</span> <span class='ocrx_word' id='word_1_284' title='bbox 786 3084 865 3138; x_wconf 60' lang='grc' dir='ltr'>(χιιι-Δ</span> 
     </span>
    </p>
   </div>
   <div class='ocr_carea' id='block_1_7' title="bbox 0 0 1011 3709">
    <p class='ocr_par' dir='ltr' id='par_1_7' title="bbox 0 0 1011 3709">
     <span class='ocr_line' id='line_1_39' title="bbox 0 0 1011 3709; baseline 0 0"><span class='ocrx_word' id='word_1_285' title='bbox 0 0 1011 3709; x_wconf 95' lang='lat' dir='ltr'> </span> 
     </span>
    </p>
   </div>
  </div>
 </body>
</html>
