2000 3709
266 292 435 345 LIBER
470 291 561 344 xxti.
747 306 794 357 24¹

76 390 103 442 ut,
119 396 143 433 eo
150 382 225 450 pretio
237 384 372 451 persoluto,
392 401 447 435 cum
456 386 555 451 lingulis
564 383 660 433 abirent
668 373 799 435 tesinren·

74 461 102 523 tia,
117 462 216 511 incallra
234 465 312 513 nones
324 475 476 531 acceperunt
483 482 491 527 ς
510 456 642 529 traditique
653 463 680 511 in
691 462 799 512 eutodt-

71 552 100 585 an
117 552 193 587 omnes
213 538 275 602 sunt,
297 540 409 591 seorsum
431 542 499 591 cives
521 540 639 607 sociique.
674 543 742 589 Dum
763 538 800 588 ibl

68 624 145 681 tenpus
156 619 248 683 teritur,
258 619 355 669 interea
368 634 445 685 quum
454 632 488 669 ex
498 618 634 683 majoribus
645 618 734 679 easlrls,
743 618 800 682 qui-

67 690 100 740 bus
110 692 160 745 satis
172 697 263 746 virium
274 710 319 747 aut
338 696 416 748 animi
424 698 486 759 suit,
503 696 535 747 ad
546 709 653 763 quatuor
662 696 741 745 millia
752 698 811 746 tro-1

63 771 143 821 ninum
154 772 178 822 ἃ
189 772 288 825 ducenti
302 778 410 843 equites,
428 777 470 827 alii
482 777 589 841 agmine,
606 776 647 825 alii
659 774 733 842 palati
745 772 800 843 pal-

62 845 95 895 lin
111 865 151 917 per
166 866 245 917 agros,
264 855 335 921 quod
351 854 415 903 haud
433 854 515 903 inlutis
528 863 609 902 tutum
620 864 681 912 erat,
699 849 800 902 Canus-

61 939 94 974 um
104 928 264 994 perfugissent,
283 932 365 981 castra
383 930 434 999 ipsa
451 932 483 980 ab
502 930 588 980 sauciis
605 929 746 995 timidisque
759 929 800 978 ea*

61 1002 104 1051 den
115 1006 264 1073 conditione,
283 1010 336 1075 qua
349 1010 433 1071 altera,
451 1010 542 1058 tradita
558 1006 630 1058 hosti.
664 1006 747 1057 Praeda
762 1008 801 1057 in-

61 1093 107 1143 gens
121 1096 187 1153 parta
205 1087 238 1136 esi
255 1104 262 1135 :
282 1088 318 1148 δι,
338 1099 427 1155 praetet
436 1100 515 1153 equos
532 1084 657 1152 virosque,
674 1086 699 1135 ἃ
711 1084 728 1134 fi
740 1079 802 1151 quial

61 1164 149 1226 argenti,
165 1165 244 1231 (quod
262 1166 403 1233 plurimum
423 1166 449 1215 iu
467 1165 572 1233 phaleris
590 1180 710 1231 equorum
729 1175 811 1225 erat3.

61 1252 106 1289 nam
123 1242 151 1291 ad
169 1243 325 1295 vescendum
344 1244 410 1295 satio
426 1245 573 1312 perexiguo,
590 1245 675 1309 utique
692 1245 803 1294 militan-

60 1326 94 1375 trs,
104 1309 242 1387 utebantur)
256 1323 342 1374 omnis
356 1333 437 1372 cetera
449 1321 531 1389 praeda
542 1321 679 1389 diripienda
691 1322 748 1371 data
760 1322 810 1371 esi..

61 1395 118 1443 Tum
129 1394 259 1463 sepeliendi
275 1402 353 1450 eausa
365 1400 473 1452 conferri
495 1400 610 1449 inunum
627 1414 733 1465 corpora
746 1398 804 1471 suo-

61 1482 106 1518 rum
114 1470 185 1533 jusfit.
222 1477 263 1528 Ad
277 1477 338 1527 otto
357 1478 434 1527 millia
452 1475 522 1526 fuisse
533 1476 650 1527 dicuntur
661 1476 805 1526 sortiffimo-

62 1560 108 1596 turn
117 1552 237 1604 virorum.
277 1556 415 1606 Consulem
427 1570 527 1621 quoque
545 1558 686 1605 Romanum
699 1553 805 1621 conqui-

63 1622 121 1674 situm
138 1626 322 1699 sepultumque,
341 1632 441 1697 quidam
458 1632 569 1681 austures
584 1631 649 1681 suut.
684 1634 743 1694 Eos,
761 1633 806 1697 qui

64 1704 179 1757 Canusium
197 1710 373 1777 perfugerant,
395 1710 484 1759 muller
502 1710 599 1777 Apula,
610 1711 710 1782 nomine
732 1710 806 1774 Busa,

65 1791 138 1838 genere
149 1784 212 1836 clara
229 1804 261 1838 ac
281 1789 390 1851 divitiis,
408 1788 531 1837 moenibus
549 1792 644 1837 tanturn
661 1786 805 1855 tetrisque

65 1859 173 1913 Canusinis
186 1878 319 1935 acceptos,
337 1868 470 1931 frumento,
483 1867 558 1931 vesle,
570 1868 665 1916 viatico
677 1868 753 1915 etiam
762 1866 805 1930 ju·
892 1904 899 1920 .

64 1933 107 1993 tit,
121 1950 163 2004 pto
175 1958 224 2008 qua
237 1944 261 1993 ei
275 1944 452 1994 munificentia
463 1942 556 2011 postea,
567 1942 633 1993 bello
644 1940 763 2012 perseslo,
771 1942 807 1993 ab

64 2007 135 2063 senatu
147 2018 253 2071 honores
265 2022 351 2072 habiti
362 2022 428 2071 sunt.

90 2092 154 2142 [ΙΙΙ.
172 2101 305 2162 Ceterum,
322 2114 399 2166 quum
416 2098 451 2149 ibi
461 2098 556 2149 tribuni
568 2100 676 2153 militum
694 2106 805 2166 quatuor

66 2164 135 2232 assent,
150 2176 239 2229 Fabius
249 2180 383 2230 Maximus
395 2178 425 2228 de
437 2176 536 2242 legione
548 2180 636 2247 prima,
654 2179 725 2244 cujus
736 2186 806 2245 pater

66 2246 135 2307 Priore
144 2268 209 2305 anno
222 2258 334 2309 distator
345 2256 434 2321 suerat,
452 2258 477 2307 u
495 2256 526 2306 de
544 2258 642 2322 legione
655 2256 761 2307 secunda
772 2258 806 2307 1..

68 2322 176 2381 Publicius
189 2336 333 2387 Bibulus&
352 2338 380 2385 Ρ.
394 2335 523 2385 Cornelius
536 2336 626 2402 Scipio,
643 2336 668 2386 &
683 2334 713 2385 cle
723 2336 807 2411 legio·

67 2414 91 2448 nt
108 2412 175 2461 tertia
195 2418 247 2483 Ap.
271 2414 389 2465 Claudius
406 2414 518 2477 Pulcher,
536 2415 579 2479 qni
599 2416 713 2482 proxime
731 2415 807 2466 aditis

65 2476 146 2547 suerat5
162 2493 281 2543 omnium
294 2488 412 2540 consensu
424 2490 455 2540 ad
465 2494 492 2539 P.
503 2492 653 2558 Scipionem,
669 2493 819 2544 admodum·

67 2556 241 2635 adolescentem,
260 2570 285 2619 &
298 2570 330 2639 ael
340 2572 389 2637 Ap.
404 2568 537 2619 Claudium
550 2568 643 2633 summa
653 2572 751 2639 imperii
765 2573 806 2623 de·
847 2586 856 2591 “

67 2632 106 2684 lata
117 2642 154 2691 est.
176 2650 269 2713 quibus
281 2647 477 2699 consultantibus
489 2650 555 2699 inter
566 2666 658 2719 paucos
669 2651 699 2701 de
711 2650 806 2705 summa
851 2693 863 2703 .

66 2726 135 2768 rerum
149 2729 252 2782 nunciat
264 2728 292 2777 P.
310 2722 399 2776 Furius
416 2728 507 2792 Philus,
526 2728 660 2779 consularis
670 2732 719 2781 viri
732 2732 806 2797 filius,

68 2794 203 2867 thuitqaam
216 2820 251 2856 eat
261 2804 371 2871 perditam
376 2804 440 2873 spem
446 2806 548 2870 fotam:
567 2808 701 2875 desperatam
712 2810 807 2877 compla-

67 2879 164 2943 ratamque
184 2896 231 2930 rem
244 2880 283 2949 effe
291 2880 409 2949 patticam.
429 2876 619 2949 Nolllcsjaueaes
630 2886 737 2954 quosdam,
754 2902 807 2953 qaa-

71 2960 111 2997 ttm
118 2957 238 3026 principem¹
252 2964 281 3011 L.
302 2942 407 3010 bailiam
419 2954 548 3024 Metellum,
565 2980 626 3014 mm
636 2980 662 3013 ac
678 2966 807 3029 navesjpe-

70 3020 173 3099 siarum,
195 3038 280 3107 desertas
301 3036 377 3102 Italis,
399 3040 430 3089 αἱ
444 3040 629 3111 regam'aliqaem
648 3044 806 3111 transfugiant.

69 3099 136 3230 (ζέοὰ
146 3112 246 3184 malurn,
264 3119 429 3185 preterquam
440 3126 524 3187 atrox,
542 3116 615 3188 supet
628 3126 667 3172 tot
678 3115 757 3170 clades
768 3130 807 3169 et·

113 3196 155 3237 ⁰¹¹·
172 3191 207 3246 11.
365 3199 371 3207 '
429 3195 454 3253 L
657 3244 666 3253 ,
700 3230 705 3235 -
752 3194 804 3248 iat!
