<?xml version="1.0" encoding="UTF-8"?>
<!DOCTYPE html PUBLIC "-//W3C//DTD XHTML 1.0 Transitional//EN"
    "http://www.w3.org/TR/xhtml1/DTD/xhtml1-transitional.dtd">
<html xmlns="http://www.w3.org/1999/xhtml" xml:lang="en" lang="en">
 <head>
  <title>
</title>
<meta http-equiv="Content-Type" content="text/html;charset=utf-8" />
  <meta name='ocr-system' content='tesseract 3.04.00' />
  <meta name='ocr-capabilities' content='ocr_page ocr_carea ocr_par ocr_line ocrx_word'/>
</head>
<body>
  <div class='ocr_page' id='page_1' title='image "./titiliviipatavi01ruddgoog_0441.png"; bbox 0 0 2000 3709; ppageno 0'>
   <div class='ocr_carea' id='block_1_1' title="bbox 32 3138 38 3287">
    <p class='ocr_par' dir='ltr' id='par_1_1' title="bbox 31 3132 38 3287">
     <span class='ocr_line' id='line_1_1' title="bbox 32 3138 38 3287; baseline 0 0"><span class='ocrx_word' id='word_1_1' title='bbox 32 3138 38 3287; x_wconf 82' lang='lat' dir='ltr'>l</span> 
     </span>
    </p>
   </div>
   <div class='ocr_carea' id='block_1_2' title="bbox 307 214 836 297">
    <p class='ocr_par' dir='ltr' id='par_1_2' title="bbox 307 214 836 297">
     <span class='ocr_line' id='line_1_2' title="bbox 307 214 836 297; baseline -0.006 -11"><span class='ocrx_word' id='word_1_2' title='bbox 307 232 475 286; x_wconf 83' lang='lat' dir='ltr'>ntnnn</span> <span class='ocrx_word' id='word_1_3' title='bbox 513 214 615 283; x_wconf 68' lang='lat' dir='ltr'>xxvtss</span> <span class='ocrx_word' id='word_1_4' title='bbox 786 244 836 297; x_wconf 75' lang='lat'>⁴³³</span> 
     </span>
    </p>
   </div>
   <div class='ocr_carea' id='block_1_3' title="bbox 57 315 915 1644">
    <p class='ocr_par' dir='ltr' id='par_1_3' title="bbox 57 315 915 1644">
     <span class='ocr_line' id='line_1_3' title="bbox 59 315 840 389; baseline 0.004 -18"><span class='ocrx_word' id='word_1_5' title='bbox 59 315 131 371; x_wconf 75' lang='lat' dir='ltr'>suco</span> <span class='ocrx_word' id='word_1_6' title='bbox 144 333 221 389; x_wconf 81' lang='lat' dir='ltr'>opus</span> <span class='ocrx_word' id='word_1_7' title='bbox 236 319 304 373; x_wconf 77' lang='lat' dir='ltr'>esset.</span> <span class='ocrx_word' id='word_1_8' title='bbox 332 326 400 373; x_wconf 84' lang='lat' dir='ltr'>Inter</span> <span class='ocrx_word' id='word_1_9' title='bbox 412 325 463 373; x_wconf 77' lang='lat' dir='ltr'>haec</span> <span class='ocrx_word' id='word_1_10' title='bbox 476 324 601 375; x_wconf 75' lang='lat' dir='ltr'>Hannibal</span> <span class='ocrx_word' id='word_1_11' title='bbox 613 320 644 373; x_wconf 88' lang='lat' dir='ltr'>ad</span> <span class='ocrx_word' id='word_1_12' title='bbox 659 321 782 373; x_wconf 77' lang='lat' dir='ltr'>Anienem</span> <span class='ocrx_word' id='word_1_13' title='bbox 790 326 840 374; x_wconf 79' lang='lat' dir='ltr'>siu·</span> 
     </span>
     <span class='ocr_line' id='line_1_4' title="bbox 58 400 840 471; baseline 0.008 -24"><span class='ocrx_word' id='word_1_14' title='bbox 58 401 150 463; x_wconf 80' lang='lat' dir='ltr'>vium,</span> <span class='ocrx_word' id='word_1_15' title='bbox 171 401 231 451; x_wconf 85' lang='lat' dir='ltr'>tria</span> <span class='ocrx_word' id='word_1_16' title='bbox 244 403 321 453; x_wconf 86' lang='lat' dir='ltr'>millia</span> <span class='ocrx_word' id='word_1_17' title='bbox 333 404 444 471; x_wconf 80' lang='lat' dir='ltr'>pallitum</span> <span class='ocrx_word' id='word_1_18' title='bbox 455 402 488 451; x_wconf 87' lang='lat' dir='ltr'>ab</span> <span class='ocrx_word' id='word_1_19' title='bbox 499 402 571 465; x_wconf 86' lang='lat' dir='ltr'>urbe,</span> <span class='ocrx_word' id='word_1_20' title='bbox 587 402 664 453; x_wconf 83' lang='lat' dir='ltr'>casira</span> <span class='ocrx_word' id='word_1_21' title='bbox 674 400 799 453; x_wconf 81' lang='lat' dir='ltr'>admovit.</span> <span class='ocrx_word' id='word_1_22' title='bbox 817 403 840 453; x_wconf 88' lang='lat' dir='ltr'>i·</span> 
     </span>
     <span class='ocr_line' id='line_1_5' title="bbox 59 478 842 549; baseline 0.005 -20"><span class='ocrx_word' id='word_1_23' title='bbox 59 478 89 529; x_wconf 93' lang='lat' dir='ltr'>bi</span> <span class='ocrx_word' id='word_1_24' title='bbox 101 480 215 531; x_wconf 80' lang='lat' dir='ltr'>stativis</span> <span class='ocrx_word' id='word_1_25' title='bbox 229 482 322 549; x_wconf 82' lang='lat' dir='ltr'>positis,</span> <span class='ocrx_word' id='word_1_26' title='bbox 337 481 388 549; x_wconf 90' lang='lat' dir='ltr'>ipse</span> <span class='ocrx_word' id='word_1_27' title='bbox 399 498 456 531; x_wconf 89' lang='lat' dir='ltr'>cum</span> <span class='ocrx_word' id='word_1_28' title='bbox 468 481 567 532; x_wconf 72' lang='lat' dir='ltr'>duobus</span> <span class='ocrx_word' id='word_1_29' title='bbox 579 482 689 533; x_wconf 74' lang='lat' dir='ltr'>millibus</span> <span class='ocrx_word' id='word_1_30' title='bbox 700 483 812 548; x_wconf 88' lang='lat' dir='ltr'>equitum</span> <span class='ocrx_word' id='word_1_31' title='bbox 824 486 842 533; x_wconf 74' lang='lat' dir='ltr'>a</span> 
     </span>
     <span class='ocr_line' id='line_1_6' title="bbox 59 559 896 631; baseline 0.002 -24"><span class='ocrx_word' id='word_1_32' title='bbox 59 568 142 623; x_wconf 78' lang='lat' dir='ltr'>porta</span> <span class='ocrx_word' id='word_1_33' title='bbox 159 560 270 609; x_wconf 85' lang='lat' dir='ltr'>Collina</span> <span class='ocrx_word' id='word_1_34' title='bbox 281 560 359 627; x_wconf 90' lang='lat' dir='ltr'>usque</span> <span class='ocrx_word' id='word_1_35' title='bbox 376 559 408 609; x_wconf 87' lang='lat' dir='ltr'>ad</span> <span class='ocrx_word' id='word_1_36' title='bbox 423 559 538 611; x_wconf 77' lang='lat' dir='ltr'>Herculis</span> <span class='ocrx_word' id='word_1_37' title='bbox 548 561 670 627; x_wconf 84' lang='lat' dir='ltr'>templum</span> <span class='ocrx_word' id='word_1_38' title='bbox 682 560 715 609; x_wconf 81' lang='lat' dir='ltr'>esi</span> <span class='ocrx_word' id='word_1_39' title='bbox 726 560 842 628; x_wconf 79' lang='lat' dir='ltr'>prognes·</span> <span class='ocrx_word' id='word_1_40' title='bbox 891 624 896 631; x_wconf 69' lang='lat'>‚</span> 
     </span>
     <span class='ocr_line' id='line_1_7' title="bbox 58 633 915 705; baseline 0.006 -21"><span class='ocrx_word' id='word_1_41' title='bbox 58 633 118 696; x_wconf 72' lang='grc' dir='ltr'>[ως</span> <span class='ocrx_word' id='word_1_42' title='bbox 144 646 243 702; x_wconf 87' lang='lat' dir='ltr'>atque,</span> <span class='ocrx_word' id='word_1_43' title='bbox 266 638 333 688; x_wconf 91' lang='lat' dir='ltr'>unde</span> <span class='ocrx_word' id='word_1_44' title='bbox 351 636 466 704; x_wconf 77' lang='lat' dir='ltr'>proxime</span> <span class='ocrx_word' id='word_1_45' title='bbox 486 648 595 705; x_wconf 81' lang='lat' dir='ltr'>poterat,</span> <span class='ocrx_word' id='word_1_46' title='bbox 611 640 703 691; x_wconf 76' lang='lat' dir='ltr'>maenia</span> <span class='ocrx_word' id='word_1_47' title='bbox 719 638 848 705; x_wconf 80' lang='lat' dir='ltr'>ficumque·</span> <span class='ocrx_word' id='word_1_48' title='bbox 907 674 915 680; x_wconf 85' lang='lat'>-</span> 
     </span>
     <span class='ocr_line' id='line_1_8' title="bbox 57 714 842 783; baseline 0.006 -21"><span class='ocrx_word' id='word_1_49' title='bbox 57 714 136 765; x_wconf 83' lang='lat' dir='ltr'>urbis</span> <span class='ocrx_word' id='word_1_50' title='bbox 149 716 312 783; x_wconf 83' lang='lat' dir='ltr'>obequitans</span> <span class='ocrx_word' id='word_1_51' title='bbox 324 716 549 783; x_wconf 82' lang='lat' dir='ltr'>contemplabatur.</span> <span class='ocrx_word' id='word_1_52' title='bbox 584 716 614 766; x_wconf 90' lang='lat' dir='ltr'>Id</span> <span class='ocrx_word' id='word_1_53' title='bbox 625 731 684 765; x_wconf 86' lang='lat' dir='ltr'>eum</span> <span class='ocrx_word' id='word_1_54' title='bbox 701 726 752 766; x_wconf 86' lang='lat' dir='ltr'>tarn</span> <span class='ocrx_word' id='word_1_55' title='bbox 763 717 842 767; x_wconf 84' lang='lat' dir='ltr'>licen·</span> 
     </span>
     <span class='ocr_line' id='line_1_9' title="bbox 59 790 844 859; baseline 0.003 -18"><span class='ocrx_word' id='word_1_56' title='bbox 59 802 103 841; x_wconf 82' lang='lat' dir='ltr'>ter</span> <span class='ocrx_word' id='word_1_57' title='bbox 114 802 205 859; x_wconf 82' lang='lat' dir='ltr'>atque</span> <span class='ocrx_word' id='word_1_58' title='bbox 222 795 302 844; x_wconf 73' lang='lat' dir='ltr'>otiose</span> <span class='ocrx_word' id='word_1_59' title='bbox 313 793 403 858; x_wconf 81' lang='lat' dir='ltr'>lacere,</span> <span class='ocrx_word' id='word_1_60' title='bbox 422 794 513 843; x_wconf 82' lang='lat' dir='ltr'>Flacco</span> <span class='ocrx_word' id='word_1_61' title='bbox 522 790 653 857; x_wconf 76' lang='lat' dir='ltr'>indignum</span> <span class='ocrx_word' id='word_1_62' title='bbox 664 791 746 843; x_wconf 82' lang='lat' dir='ltr'>visum</span> <span class='ocrx_word' id='word_1_63' title='bbox 759 792 802 843; x_wconf 87' lang='lat' dir='ltr'>esl.</span> <span class='ocrx_word' id='word_1_64' title='bbox 820 793 844 843; x_wconf 85' lang='lat' dir='ltr'>i-</span> 
     </span>
     <span class='ocr_line' id='line_1_10' title="bbox 60 872 843 938; baseline 0.004 -18"><span class='ocrx_word' id='word_1_65' title='bbox 60 880 144 937; x_wconf 84' lang='lat' dir='ltr'>taque</span> <span class='ocrx_word' id='word_1_66' title='bbox 165 872 278 923; x_wconf 85' lang='lat' dir='ltr'>immisit</span> <span class='ocrx_word' id='word_1_67' title='bbox 292 872 397 938; x_wconf 79' lang='lat' dir='ltr'>equitet,</span> <span class='ocrx_word' id='word_1_68' title='bbox 414 872 617 937; x_wconf 79' lang='lat' dir='ltr'>summoverique</span> <span class='ocrx_word' id='word_1_69' title='bbox 634 882 709 937; x_wconf 85' lang='lat' dir='ltr'>atque</span> <span class='ocrx_word' id='word_1_70' title='bbox 721 872 747 921; x_wconf 91' lang='lat' dir='ltr'>in</span> <span class='ocrx_word' id='word_1_71' title='bbox 765 872 843 923; x_wconf 78' lang='lat' dir='ltr'>casita</span> 
     </span>
     <span class='ocr_line' id='line_1_11' title="bbox 60 947 841 1017; baseline 0.006 -20"><span class='ocrx_word' id='word_1_72' title='bbox 60 947 151 1013; x_wconf 80' lang='lat' dir='ltr'>redigi</span> <span class='ocrx_word' id='word_1_73' title='bbox 174 952 293 1001; x_wconf 84' lang='lat' dir='ltr'>hostium</span> <span class='ocrx_word' id='word_1_74' title='bbox 313 953 453 1017; x_wconf 80' lang='lat' dir='ltr'>equitatum</span> <span class='ocrx_word' id='word_1_75' title='bbox 471 948 548 1014; x_wconf 86' lang='lat' dir='ltr'>jussit.</span> <span class='ocrx_word' id='word_1_76' title='bbox 584 952 669 1013; x_wconf 80' lang='lat' dir='ltr'>Quum</span> <span class='ocrx_word' id='word_1_77' title='bbox 683 949 841 1002; x_wconf 80' lang='lat' dir='ltr'>commissum</span> 
     </span>
     <span class='ocr_line' id='line_1_12' title="bbox 61 1027 841 1094; baseline 0.001 -17"><span class='ocrx_word' id='word_1_78' title='bbox 61 1028 193 1091; x_wconf 79' lang='lat' dir='ltr'>proelium</span> <span class='ocrx_word' id='word_1_79' title='bbox 217 1028 285 1092; x_wconf 79' lang='lat' dir='ltr'>esset,</span> <span class='ocrx_word' id='word_1_80' title='bbox 309 1027 421 1079; x_wconf 79' lang='lat' dir='ltr'>consuler</span> <span class='ocrx_word' id='word_1_81' title='bbox 439 1027 579 1091; x_wconf 76' lang='lat' dir='ltr'>transfugas</span> <span class='ocrx_word' id='word_1_82' title='bbox 600 1027 775 1092; x_wconf 81' lang='lat' dir='ltr'>Numidarum,</span> <span class='ocrx_word' id='word_1_83' title='bbox 795 1028 841 1094; x_wconf 89' lang='lat' dir='ltr'>qui</span> 
     </span>
     <span class='ocr_line' id='line_1_13' title="bbox 63 1103 843 1168; baseline 0.004 -17"><span class='ocrx_word' id='word_1_84' title='bbox 63 1112 123 1153; x_wconf 79' lang='lat' dir='ltr'>tum</span> <span class='ocrx_word' id='word_1_85' title='bbox 142 1106 174 1155; x_wconf 87' lang='lat' dir='ltr'>in</span> <span class='ocrx_word' id='word_1_86' title='bbox 197 1106 332 1157; x_wconf 85' lang='lat' dir='ltr'>Aventino</span> <span class='ocrx_word' id='word_1_87' title='bbox 350 1105 381 1155; x_wconf 82' lang='lat' dir='ltr'>ad</span> <span class='ocrx_word' id='word_1_88' title='bbox 398 1104 466 1155; x_wconf 86' lang='lat' dir='ltr'>mille</span> <span class='ocrx_word' id='word_1_89' title='bbox 484 1104 510 1153; x_wconf 77' lang='lat' dir='ltr'>de</span> <span class='ocrx_word' id='word_1_90' title='bbox 526 1103 648 1153; x_wconf 80' lang='lat' dir='ltr'>ducentos</span> <span class='ocrx_word' id='word_1_91' title='bbox 664 1115 742 1168; x_wconf 83' lang='lat' dir='ltr'>erant,</span> <span class='ocrx_word' id='word_1_92' title='bbox 760 1105 843 1154; x_wconf 70' lang='lat' dir='ltr'>media</span> 
     </span>
     <span class='ocr_line' id='line_1_14' title="bbox 64 1178 843 1251; baseline 0.005 -24"><span class='ocrx_word' id='word_1_93' title='bbox 64 1180 133 1230; x_wconf 87' lang='lat' dir='ltr'>urbe</span> <span class='ocrx_word' id='word_1_94' title='bbox 144 1181 260 1232; x_wconf 85' lang='lat' dir='ltr'>transire</span> <span class='ocrx_word' id='word_1_95' title='bbox 272 1180 405 1248; x_wconf 81' lang='lat' dir='ltr'>AEsquiliar</span> <span class='ocrx_word' id='word_1_96' title='bbox 419 1178 556 1245; x_wconf 84' lang='lat' dir='ltr'>jusserunt:</span> <span class='ocrx_word' id='word_1_97' title='bbox 574 1180 785 1251; x_wconf 80' lang='lat' dir='ltr'>nullosaptioree,</span> <span class='ocrx_word' id='word_1_98' title='bbox 803 1182 843 1231; x_wconf 90' lang='lat' dir='ltr'>in·</span> 
     </span>
     <span class='ocr_line' id='line_1_15' title="bbox 65 1256 843 1326; baseline 0.001 -20"><span class='ocrx_word' id='word_1_99' title='bbox 65 1268 107 1309; x_wconf 88' lang='lat' dir='ltr'>ter</span> <span class='ocrx_word' id='word_1_100' title='bbox 120 1260 263 1311; x_wconf 76' lang='lat' dir='ltr'>convalles</span> <span class='ocrx_word' id='word_1_101' title='bbox 280 1259 391 1326; x_wconf 76' lang='lat' dir='ltr'>teslaque</span> <span class='ocrx_word' id='word_1_102' title='bbox 409 1260 542 1309; x_wconf 86' lang='lat' dir='ltr'>hortorum</span> <span class='ocrx_word' id='word_1_103' title='bbox 559 1258 584 1309; x_wconf 77' lang='lat' dir='ltr'>de</span> <span class='ocrx_word' id='word_1_104' title='bbox 602 1256 731 1325; x_wconf 86' lang='lat' dir='ltr'>sepulchra</span> <span class='ocrx_word' id='word_1_105' title='bbox 745 1269 789 1308; x_wconf 84' lang='lat' dir='ltr'>aut</span> <span class='ocrx_word' id='word_1_106' title='bbox 800 1273 843 1307; x_wconf 76' lang='lat' dir='ltr'>ce·</span> 
     </span>
     <span class='ocr_line' id='line_1_16' title="bbox 64 1336 843 1406; baseline 0 -19"><span class='ocrx_word' id='word_1_107' title='bbox 64 1352 115 1387; x_wconf 81' lang='lat' dir='ltr'>vae</span> <span class='ocrx_word' id='word_1_108' title='bbox 134 1340 258 1406; x_wconf 88' lang='lat' dir='ltr'>undique</span> <span class='ocrx_word' id='word_1_109' title='bbox 277 1341 338 1400; x_wconf 79' lang='lat' dir='ltr'>vias,</span> <span class='ocrx_word' id='word_1_110' title='bbox 355 1339 387 1389; x_wconf 89' lang='lat' dir='ltr'>ad</span> <span class='ocrx_word' id='word_1_111' title='bbox 406 1336 568 1405; x_wconf 81' lang='lat' dir='ltr'>pugnandum</span> <span class='ocrx_word' id='word_1_112' title='bbox 587 1336 685 1387; x_wconf 86' lang='lat' dir='ltr'>futuros</span> <span class='ocrx_word' id='word_1_113' title='bbox 703 1338 760 1387; x_wconf 86' lang='lat' dir='ltr'>rati.</span> <span class='ocrx_word' id='word_1_114' title='bbox 778 1348 843 1402; x_wconf 73' lang='lat' dir='ltr'>quos</span> 
     </span>
     <span class='ocr_line' id='line_1_17' title="bbox 69 1415 843 1484; baseline -0.001 -18"><span class='ocrx_word' id='word_1_115' title='bbox 69 1425 155 1483; x_wconf 83' lang='lat' dir='ltr'>quum</span> <span class='ocrx_word' id='word_1_116' title='bbox 170 1434 209 1469; x_wconf 83' lang='lat' dir='ltr'>ex</span> <span class='ocrx_word' id='word_1_117' title='bbox 221 1434 280 1469; x_wconf 88' lang='lat' dir='ltr'>arce</span> <span class='ocrx_word' id='word_1_118' title='bbox 292 1417 468 1484; x_wconf 77' lang='lat' dir='ltr'>Capitolioque</span> <span class='ocrx_word' id='word_1_119' title='bbox 484 1417 553 1466; x_wconf 87' lang='lat' dir='ltr'>clivo</span> <span class='ocrx_word' id='word_1_120' title='bbox 566 1416 668 1483; x_wconf 88' lang='lat' dir='ltr'>publico</span> <span class='ocrx_word' id='word_1_121' title='bbox 680 1416 705 1465; x_wconf 90' lang='lat' dir='ltr'>in</span> <span class='ocrx_word' id='word_1_122' title='bbox 717 1416 788 1482; x_wconf 78' lang='lat' dir='ltr'>equis</span> <span class='ocrx_word' id='word_1_123' title='bbox 799 1415 843 1465; x_wconf 87' lang='lat' dir='ltr'>de·</span> 
     </span>
     <span class='ocr_line' id='line_1_18' title="bbox 70 1489 843 1561; baseline 0.003 -18"><span class='ocrx_word' id='word_1_124' title='bbox 70 1506 213 1545; x_wconf 86' lang='lat' dir='ltr'>currentes</span> <span class='ocrx_word' id='word_1_125' title='bbox 231 1496 333 1561; x_wconf 89' lang='lat' dir='ltr'>quidam</span> <span class='ocrx_word' id='word_1_126' title='bbox 351 1494 474 1555; x_wconf 86' lang='lat' dir='ltr'>vidisl&#39;ent,</span> <span class='ocrx_word' id='word_1_127' title='bbox 492 1505 594 1560; x_wconf 82' lang='lat' dir='ltr'>captum</span> <span class='ocrx_word' id='word_1_128' title='bbox 606 1495 762 1543; x_wconf 81' lang='lat' dir='ltr'>Aventinum</span> <span class='ocrx_word' id='word_1_129' title='bbox 781 1489 843 1545; x_wconf 89' lang='lat' dir='ltr'>con-</span> 
     </span>
     <span class='ocr_line' id='line_1_19' title="bbox 73 1565 843 1644; baseline 0.004 -25"><span class='ocrx_word' id='word_1_130' title='bbox 73 1572 270 1625; x_wconf 83' lang='lat' dir='ltr'>clamaverunt.</span> <span class='ocrx_word' id='word_1_131' title='bbox 291 1577 328 1623; x_wconf 85' lang='lat' dir='ltr'>Ea</span> <span class='ocrx_word' id='word_1_132' title='bbox 339 1588 376 1623; x_wconf 83' lang='lat' dir='ltr'>ter</span> <span class='ocrx_word' id='word_1_133' title='bbox 388 1583 484 1623; x_wconf 89' lang='lat' dir='ltr'>tantum</span> <span class='ocrx_word' id='word_1_134' title='bbox 497 1571 669 1644; x_wconf 75' lang='lat' dir='ltr'>tinnultumac</span> <span class='ocrx_word' id='word_1_135' title='bbox 681 1565 766 1636; x_wconf 81' lang='lat' dir='ltr'>sugam</span> <span class='ocrx_word' id='word_1_136' title='bbox 778 1588 843 1641; x_wconf 76' lang='lat' dir='ltr'>proe·</span> 
     </span>
    </p>
   </div>
   <div class='ocr_carea' id='block_1_4' title="bbox 18 1648 843 1714">
    <p class='ocr_par' dir='ltr' id='par_1_4' title="bbox 18 1648 843 1714">
     <span class='ocr_line' id='line_1_20' title="bbox 18 1648 843 1714; baseline 0.004 -17"><span class='ocrx_word' id='word_1_137' title='bbox 18 1678 19 1685; x_wconf 26' lang='grc' dir='ltr'><strong>κ</strong></span> <span class='ocrx_word' id='word_1_138' title='bbox 72 1648 142 1714; x_wconf 86' lang='lat' dir='ltr'>buit,</span> <span class='ocrx_word' id='word_1_139' title='bbox 163 1664 205 1714; x_wconf 91' lang='lat' dir='ltr'>ut,</span> <span class='ocrx_word' id='word_1_140' title='bbox 224 1651 269 1702; x_wconf 82' lang='lat' dir='ltr'>nisi</span> <span class='ocrx_word' id='word_1_141' title='bbox 281 1653 356 1701; x_wconf 81' lang='lat' dir='ltr'>eastra</span> <span class='ocrx_word' id='word_1_142' title='bbox 368 1651 461 1701; x_wconf 87' lang='lat' dir='ltr'>Punica</span> <span class='ocrx_word' id='word_1_143' title='bbox 472 1661 545 1699; x_wconf 83' lang='lat' dir='ltr'>extra</span> <span class='ocrx_word' id='word_1_144' title='bbox 558 1649 645 1699; x_wconf 87' lang='lat' dir='ltr'>urbem</span> <span class='ocrx_word' id='word_1_145' title='bbox 656 1649 763 1713; x_wconf 82' lang='lat' dir='ltr'>suisl&#39;ent,</span> <span class='ocrx_word' id='word_1_146' title='bbox 779 1651 843 1701; x_wconf 83' lang='lat' dir='ltr'>effu·</span> 
     </span>
    </p>
   </div>
   <div class='ocr_carea' id='block_1_5' title="bbox 72 1725 844 2734">
    <p class='ocr_par' dir='ltr' id='par_1_5' title="bbox 72 1725 844 2734">
     <span class='ocr_line' id='line_1_21' title="bbox 72 1725 841 1797; baseline 0.005 -22"><span class='ocrx_word' id='word_1_147' title='bbox 72 1725 134 1777; x_wconf 84' lang='lat' dir='ltr'>sura</span> <span class='ocrx_word' id='word_1_148' title='bbox 147 1730 175 1779; x_wconf 85' lang='lat' dir='ltr'>se</span> <span class='ocrx_word' id='word_1_149' title='bbox 188 1731 272 1781; x_wconf 91' lang='lat' dir='ltr'>omnis</span> <span class='ocrx_word' id='word_1_150' title='bbox 283 1728 375 1797; x_wconf 87' lang='lat' dir='ltr'>pavida</span> <span class='ocrx_word' id='word_1_151' title='bbox 387 1726 523 1779; x_wconf 88' lang='lat' dir='ltr'>multitudo</span> <span class='ocrx_word' id='word_1_152' title='bbox 534 1726 618 1777; x_wconf 85' lang='lat' dir='ltr'>fuerit.</span> <span class='ocrx_word' id='word_1_153' title='bbox 638 1738 698 1777; x_wconf 91' lang='lat' dir='ltr'>tunc</span> <span class='ocrx_word' id='word_1_154' title='bbox 710 1729 735 1777; x_wconf 91' lang='lat' dir='ltr'>in</span> <span class='ocrx_word' id='word_1_155' title='bbox 750 1728 841 1780; x_wconf 75' lang='lat' dir='ltr'>domoc</span> 
     </span>
     <span class='ocr_line' id='line_1_22' title="bbox 75 1803 842 1874; baseline 0.005 -21"><span class='ocrx_word' id='word_1_156' title='bbox 75 1815 156 1871; x_wconf 86' lang='lat' dir='ltr'>atque</span> <span class='ocrx_word' id='word_1_157' title='bbox 170 1809 198 1857; x_wconf 92' lang='lat' dir='ltr'>iu</span> <span class='ocrx_word' id='word_1_158' title='bbox 219 1807 281 1857; x_wconf 75' lang='lat' dir='ltr'>tesia</span> <span class='ocrx_word' id='word_1_159' title='bbox 297 1807 468 1871; x_wconf 68' lang='lat' dir='ltr'>refugiebant:</span> <span class='ocrx_word' id='word_1_160' title='bbox 487 1803 652 1869; x_wconf 75' lang='lat' dir='ltr'>vagosquein</span> <span class='ocrx_word' id='word_1_161' title='bbox 664 1806 713 1855; x_wconf 82' lang='lat' dir='ltr'>viis</span> <span class='ocrx_word' id='word_1_162' title='bbox 724 1804 781 1855; x_wconf 87' lang='lat' dir='ltr'>suos</span> <span class='ocrx_word' id='word_1_163' title='bbox 793 1822 842 1874; x_wconf 90' lang='lat' dir='ltr'>pro</span> 
     </span>
     <span class='ocr_line' id='line_1_23' title="bbox 75 1874 844 1953; baseline 0.004 -22"><span class='ocrx_word' id='word_1_164' title='bbox 75 1883 195 1937; x_wconf 77' lang='lat' dir='ltr'>nostibus</span> <span class='ocrx_word' id='word_1_165' title='bbox 213 1886 337 1953; x_wconf 84' lang='lat' dir='ltr'>lapidibus</span> <span class='ocrx_word' id='word_1_166' title='bbox 355 1874 457 1951; x_wconf 80' lang='lat' dir='ltr'>telisque</span> <span class='ocrx_word' id='word_1_167' title='bbox 474 1883 633 1933; x_wconf 73' lang='lat' dir='ltr'>incessebant.</span> <span class='ocrx_word' id='word_1_168' title='bbox 668 1886 722 1933; x_wconf 85' lang='lat' dir='ltr'>Nec</span> <span class='ocrx_word' id='word_1_169' title='bbox 734 1884 844 1952; x_wconf 83' lang='lat' dir='ltr'>compri-</span> 
     </span>
     <span class='ocr_line' id='line_1_24' title="bbox 77 1960 844 2031; baseline 0 -18"><span class='ocrx_word' id='word_1_170' title='bbox 77 1963 115 2011; x_wconf 84' lang='lat' dir='ltr'>mi</span> <span class='ocrx_word' id='word_1_171' title='bbox 133 1964 262 2017; x_wconf 84' lang='lat' dir='ltr'>tumultus</span> <span class='ocrx_word' id='word_1_172' title='bbox 279 1965 418 2031; x_wconf 85' lang='lat' dir='ltr'>aperirique</span> <span class='ocrx_word' id='word_1_173' title='bbox 431 1979 500 2013; x_wconf 89' lang='lat' dir='ltr'>error</span> <span class='ocrx_word' id='word_1_174' title='bbox 513 1972 620 2030; x_wconf 87' lang='lat' dir='ltr'>poterat,</span> <span class='ocrx_word' id='word_1_175' title='bbox 638 1960 736 2010; x_wconf 77' lang='lat' dir='ltr'>resuntis</span> <span class='ocrx_word' id='word_1_176' title='bbox 748 1963 844 2013; x_wconf 84' lang='lat' dir='ltr'>itineri·</span> 
     </span>
     <span class='ocr_line' id='line_1_25' title="bbox 79 2040 844 2110; baseline 0.001 -19"><span class='ocrx_word' id='word_1_177' title='bbox 79 2040 128 2092; x_wconf 81' lang='lat' dir='ltr'>bne</span> <span class='ocrx_word' id='word_1_178' title='bbox 139 2045 277 2110; x_wconf 77' lang='lat' dir='ltr'>agrestium</span> <span class='ocrx_word' id='word_1_179' title='bbox 289 2044 362 2095; x_wconf 76' lang='lat' dir='ltr'>turba</span> <span class='ocrx_word' id='word_1_180' title='bbox 381 2056 558 2110; x_wconf 81' lang='lat' dir='ltr'>pecorumque,</span> <span class='ocrx_word' id='word_1_181' title='bbox 575 2055 631 2106; x_wconf 78' lang='lat' dir='ltr'>quae</span> <span class='ocrx_word' id='word_1_182' title='bbox 643 2041 786 2107; x_wconf 84' lang='lat' dir='ltr'>repentinus</span> <span class='ocrx_word' id='word_1_183' title='bbox 799 2058 844 2108; x_wconf 82' lang='lat' dir='ltr'>pa-</span> 
     </span>
     <span class='ocr_line' id='line_1_26' title="bbox 79 2118 843 2189; baseline -0.013 -18"><span class='ocrx_word' id='word_1_184' title='bbox 79 2134 132 2173; x_wconf 83' lang='lat' dir='ltr'>vor</span> <span class='ocrx_word' id='word_1_185' title='bbox 148 2124 178 2175; x_wconf 91' lang='lat' dir='ltr'>in</span> <span class='ocrx_word' id='word_1_186' title='bbox 197 2123 284 2173; x_wconf 85' lang='lat' dir='ltr'>urbem</span> <span class='ocrx_word' id='word_1_187' title='bbox 301 2122 464 2189; x_wconf 80' lang='lat' dir='ltr'>compulerat.</span> <span class='ocrx_word' id='word_1_188' title='bbox 502 2120 620 2185; x_wconf 85' lang='lat' dir='ltr'>Equeslre</span> <span class='ocrx_word' id='word_1_189' title='bbox 631 2119 745 2186; x_wconf 69' lang='lat' dir='ltr'>prolium</span> <span class='ocrx_word' id='word_1_190' title='bbox 756 2118 843 2169; x_wconf 80' lang='lat' dir='ltr'>secun.</span> 
     </span>
     <span class='ocr_line' id='line_1_27' title="bbox 82 2186 843 2267; baseline -0.001 -20"><span class='ocrx_word' id='word_1_191' title='bbox 82 2197 143 2251; x_wconf 85' lang='lat' dir='ltr'>dnm</span> <span class='ocrx_word' id='word_1_192' title='bbox 156 2202 217 2264; x_wconf 85' lang='lat' dir='ltr'>fuit,</span> <span class='ocrx_word' id='word_1_193' title='bbox 234 2186 401 2267; x_wconf 74' lang='lat' dir='ltr'>summotique</span> <span class='ocrx_word' id='word_1_194' title='bbox 412 2200 491 2251; x_wconf 80' lang='lat' dir='ltr'>nones</span> <span class='ocrx_word' id='word_1_195' title='bbox 503 2199 574 2248; x_wconf 78' lang='lat' dir='ltr'>silut:</span> <span class='ocrx_word' id='word_1_196' title='bbox 593 2198 627 2259; x_wconf 70' lang='grc' dir='ltr'>ἃ,</span> <span class='ocrx_word' id='word_1_197' title='bbox 639 2192 697 2263; x_wconf 85' lang='lat' dir='ltr'>quia</span> <span class='ocrx_word' id='word_1_198' title='bbox 708 2199 793 2249; x_wconf 85' lang='lat' dir='ltr'>multis</span> <span class='ocrx_word' id='word_1_199' title='bbox 804 2201 843 2249; x_wconf 78' lang='lat' dir='ltr'>lo.</span> 
     </span>
     <span class='ocr_line' id='line_1_28' title="bbox 81 2276 842 2347; baseline 0.004 -24"><span class='ocrx_word' id='word_1_200' title='bbox 81 2276 118 2326; x_wconf 80' lang='lat' dir='ltr'>ein</span> <span class='ocrx_word' id='word_1_201' title='bbox 132 2276 318 2347; x_wconf 86' lang='lat' dir='ltr'>comprimendi</span> <span class='ocrx_word' id='word_1_202' title='bbox 334 2277 453 2326; x_wconf 82' lang='lat' dir='ltr'>tumultus</span> <span class='ocrx_word' id='word_1_203' title='bbox 466 2286 545 2337; x_wconf 85' lang='lat' dir='ltr'>erant,</span> <span class='ocrx_word' id='word_1_204' title='bbox 562 2277 606 2340; x_wconf 90' lang='lat' dir='ltr'>qui</span> <span class='ocrx_word' id='word_1_205' title='bbox 618 2286 710 2325; x_wconf 86' lang='lat' dir='ltr'>temere</span> <span class='ocrx_word' id='word_1_206' title='bbox 720 2276 842 2331; x_wconf 66' lang='lat' dir='ltr'>,orieban-</span> 
     </span>
     <span class='ocr_line' id='line_1_29' title="bbox 83 2351 843 2424; baseline 0.005 -22"><span class='ocrx_word' id='word_1_207' title='bbox 83 2362 133 2417; x_wconf 85' lang='lat' dir='ltr'>tur,</span> <span class='ocrx_word' id='word_1_208' title='bbox 151 2357 255 2424; x_wconf 83' lang='lat' dir='ltr'>placuit,</span> <span class='ocrx_word' id='word_1_209' title='bbox 273 2370 368 2417; x_wconf 79' lang='lat' dir='ltr'>omnes,</span> <span class='ocrx_word' id='word_1_210' title='bbox 391 2354 434 2419; x_wconf 90' lang='lat' dir='ltr'>qui</span> <span class='ocrx_word' id='word_1_211' title='bbox 454 2351 594 2413; x_wconf 72' lang='lat' dir='ltr'>dissatoree,</span> <span class='ocrx_word' id='word_1_212' title='bbox 610 2352 730 2418; x_wconf 81' lang='lat' dir='ltr'>consules,</span> <span class='ocrx_word' id='word_1_213' title='bbox 755 2356 843 2407; x_wconf 87' lang='lat' dir='ltr'>censo·</span> 
     </span>
     <span class='ocr_line' id='line_1_30' title="bbox 83 2432 843 2503; baseline 0.008 -23"><span class='ocrx_word' id='word_1_214' title='bbox 83 2432 156 2484; x_wconf 84' lang='lat' dir='ltr'>resve</span> <span class='ocrx_word' id='word_1_215' title='bbox 174 2433 284 2503; x_wconf 75' lang='lat' dir='ltr'>fuissent,</span> <span class='ocrx_word' id='word_1_216' title='bbox 303 2450 361 2485; x_wconf 90' lang='lat' dir='ltr'>cum</span> <span class='ocrx_word' id='word_1_217' title='bbox 379 2434 485 2501; x_wconf 89' lang='lat' dir='ltr'>imperio</span> <span class='ocrx_word' id='word_1_218' title='bbox 504 2432 561 2496; x_wconf 82' lang='lat' dir='ltr'>esse,</span> <span class='ocrx_word' id='word_1_219' title='bbox 580 2432 660 2484; x_wconf 88' lang='lat' dir='ltr'>donec</span> <span class='ocrx_word' id='word_1_220' title='bbox 680 2434 807 2485; x_wconf 79' lang='lat' dir='ltr'>teceffisiet</span> <span class='ocrx_word' id='word_1_221' title='bbox 826 2440 843 2487; x_wconf 69' lang='lat' dir='ltr'>a</span> 
     </span>
     <span class='ocr_line' id='line_1_31' title="bbox 84 2510 842 2577; baseline 0.007 -18"><span class='ocrx_word' id='word_1_222' title='bbox 84 2512 165 2563; x_wconf 77' lang='lat' dir='ltr'>muria</span> <span class='ocrx_word' id='word_1_223' title='bbox 176 2513 260 2563; x_wconf 81' lang='lat' dir='ltr'>hossis.</span> <span class='ocrx_word' id='word_1_224' title='bbox 287 2515 319 2561; x_wconf 84' lang='lat' dir='ltr'>Et</span> <span class='ocrx_word' id='word_1_225' title='bbox 330 2511 379 2563; x_wconf 90' lang='lat' dir='ltr'>diei</span> <span class='ocrx_word' id='word_1_226' title='bbox 391 2511 458 2577; x_wconf 91' lang='lat' dir='ltr'>quod</span> <span class='ocrx_word' id='word_1_227' title='bbox 470 2512 594 2577; x_wconf 86' lang='lat' dir='ltr'>reliquum</span> <span class='ocrx_word' id='word_1_228' title='bbox 605 2510 663 2575; x_wconf 89' lang='lat' dir='ltr'>suit,</span> <span class='ocrx_word' id='word_1_229' title='bbox 681 2512 705 2561; x_wconf 71' lang='grc' dir='ltr'>ἃ</span> <span class='ocrx_word' id='word_1_230' title='bbox 719 2512 791 2563; x_wconf 71' lang='lat' dir='ltr'>nodie</span> <span class='ocrx_word' id='word_1_231' title='bbox 803 2516 842 2565; x_wconf 92' lang='lat' dir='ltr'>in·</span> 
     </span>
     <span class='ocr_line' id='line_1_32' title="bbox 86 2585 842 2655; baseline 0.005 -16"><span class='ocrx_word' id='word_1_232' title='bbox 86 2585 210 2653; x_wconf 79' lang='lat' dir='ltr'>sequenti,</span> <span class='ocrx_word' id='word_1_233' title='bbox 225 2590 298 2641; x_wconf 87' lang='lat' dir='ltr'>multi</span> <span class='ocrx_word' id='word_1_234' title='bbox 315 2600 408 2641; x_wconf 84' lang='lat' dir='ltr'>temere</span> <span class='ocrx_word' id='word_1_235' title='bbox 425 2590 530 2639; x_wconf 84' lang='lat' dir='ltr'>excitati</span> <span class='ocrx_word' id='word_1_236' title='bbox 546 2589 667 2640; x_wconf 78' lang='lat' dir='ltr'>tumultus</span> <span class='ocrx_word' id='word_1_237' title='bbox 687 2589 754 2655; x_wconf 89' lang='lat' dir='ltr'>sunt,</span> <span class='ocrx_word' id='word_1_238' title='bbox 771 2607 842 2643; x_wconf 87' lang='lat' dir='ltr'>com·</span> 
     </span>
     <span class='ocr_line' id='line_1_33' title="bbox 88 2668 219 2734; baseline 0.023 -21"><span class='ocrx_word' id='word_1_239' title='bbox 88 2668 219 2734; x_wconf 84' lang='lat' dir='ltr'>preffique.</span> 
     </span>
    </p>
   </div>
   <div class='ocr_carea' id='block_1_6' title="bbox 89 2726 843 3193">
    <p class='ocr_par' dir='ltr' id='par_1_6' title="bbox 89 2726 843 3193">
     <span class='ocr_line' id='line_1_34' title="bbox 121 2726 842 2811; baseline 0.003 -16"><span class='ocrx_word' id='word_1_240' title='bbox 121 2748 170 2796; x_wconf 85' lang='lat' dir='ltr'>XI.</span> <span class='ocrx_word' id='word_1_241' title='bbox 188 2744 288 2796; x_wconf 77' lang='lat' dir='ltr'>Postero</span> <span class='ocrx_word' id='word_1_242' title='bbox 306 2744 346 2795; x_wconf 86' lang='lat' dir='ltr'>die</span> <span class='ocrx_word' id='word_1_243' title='bbox 364 2726 522 2811; x_wconf 75' lang='lat' dir='ltr'>transgressus</span> <span class='ocrx_word' id='word_1_244' title='bbox 540 2745 663 2795; x_wconf 80' lang='lat' dir='ltr'>Anienem</span> <span class='ocrx_word' id='word_1_245' title='bbox 678 2745 804 2795; x_wconf 81' lang='lat' dir='ltr'>Hannibal</span> <span class='ocrx_word' id='word_1_246' title='bbox 814 2746 842 2797; x_wconf 89' lang='lat' dir='ltr'>in</span> 
     </span>
     <span class='ocr_line' id='line_1_35' title="bbox 89 2821 842 2891; baseline 0 -18"><span class='ocrx_word' id='word_1_247' title='bbox 89 2823 167 2875; x_wconf 82' lang='lat' dir='ltr'>aciem</span> <span class='ocrx_word' id='word_1_248' title='bbox 184 2839 270 2875; x_wconf 86' lang='lat' dir='ltr'>omnes</span> <span class='ocrx_word' id='word_1_249' title='bbox 288 2826 372 2891; x_wconf 81' lang='lat' dir='ltr'>copias</span> <span class='ocrx_word' id='word_1_250' title='bbox 388 2823 491 2875; x_wconf 84' lang='lat' dir='ltr'>eduxit:</span> <span class='ocrx_word' id='word_1_251' title='bbox 508 2838 554 2873; x_wconf 88' lang='lat' dir='ltr'>nec</span> <span class='ocrx_word' id='word_1_252' title='bbox 568 2823 669 2873; x_wconf 81' lang='lat' dir='ltr'>Flaccus</span> <span class='ocrx_word' id='word_1_253' title='bbox 681 2821 842 2889; x_wconf 82' lang='lat' dir='ltr'>consulesque</span> 
     </span>
     <span class='ocr_line' id='line_1_36' title="bbox 89 2902 842 2967; baseline 0.004 -18"><span class='ocrx_word' id='word_1_254' title='bbox 89 2913 212 2955; x_wconf 80' lang='lat' dir='ltr'>certamen</span> <span class='ocrx_word' id='word_1_255' title='bbox 233 2902 410 2953; x_wconf 66' lang='lat' dir='ltr'>detrectavere.</span> <span class='ocrx_word' id='word_1_256' title='bbox 445 2902 569 2953; x_wconf 74' lang='lat' dir='ltr'>lnslruliia</span> <span class='ocrx_word' id='word_1_257' title='bbox 587 2903 705 2967; x_wconf 88' lang='lat' dir='ltr'>utrinque</span> <span class='ocrx_word' id='word_1_258' title='bbox 724 2903 842 2952; x_wconf 85' lang='lat' dir='ltr'>exerciti·</span> 
     </span>
     <span class='ocr_line' id='line_1_37' title="bbox 90 2976 843 3049; baseline 0.007 -22"><span class='ocrx_word' id='word_1_259' title='bbox 90 2976 135 3027; x_wconf 81' lang='lat' dir='ltr'>bur</span> <span class='ocrx_word' id='word_1_260' title='bbox 152 2982 178 3031; x_wconf 93' lang='lat' dir='ltr'>in</span> <span class='ocrx_word' id='word_1_261' title='bbox 197 2980 250 3045; x_wconf 79' lang='lat' dir='ltr'>ejua</span> <span class='ocrx_word' id='word_1_262' title='bbox 267 2996 356 3049; x_wconf 79' lang='lat' dir='ltr'>pugnae</span> <span class='ocrx_word' id='word_1_263' title='bbox 374 2981 465 3042; x_wconf 79' lang='lat' dir='ltr'>casum,</span> <span class='ocrx_word' id='word_1_264' title='bbox 482 2981 509 3031; x_wconf 89' lang='lat' dir='ltr'>in</span> <span class='ocrx_word' id='word_1_265' title='bbox 527 2997 577 3047; x_wconf 85' lang='lat' dir='ltr'>qua</span> <span class='ocrx_word' id='word_1_266' title='bbox 587 2979 646 3029; x_wconf 78' lang='lat' dir='ltr'>urbs</span> <span class='ocrx_word' id='word_1_267' title='bbox 658 2982 739 3029; x_wconf 85' lang='lat' dir='ltr'>Roma</span> <span class='ocrx_word' id='word_1_268' title='bbox 750 2978 843 3032; x_wconf 79' lang='lat' dir='ltr'>viliori</span> 
     </span>
     <span class='ocr_line' id='line_1_38' title="bbox 94 3056 841 3127; baseline -0.02 -10"><span class='ocrx_word' id='word_1_269' title='bbox 94 3058 218 3117; x_wconf 72' lang='lat' dir='ltr'>iminium</span> <span class='ocrx_word' id='word_1_270' title='bbox 236 3058 302 3127; x_wconf 82' lang='lat' dir='ltr'>esset,</span> <span class='ocrx_word' id='word_1_271' title='bbox 320 3060 400 3113; x_wconf 84' lang='lat' dir='ltr'>imber</span> <span class='ocrx_word' id='word_1_272' title='bbox 417 3060 505 3123; x_wconf 78' lang='lat' dir='ltr'>ingens</span> <span class='ocrx_word' id='word_1_273' title='bbox 522 3056 642 3125; x_wconf 74' lang='lat' dir='ltr'>grandine</span> <span class='ocrx_word' id='word_1_274' title='bbox 658 3056 753 3110; x_wconf 75' lang='lat' dir='ltr'>mixtus</span> <span class='ocrx_word' id='word_1_275' title='bbox 763 3057 799 3127; x_wconf 74' lang='lat' dir='ltr'>ita</span> <span class='ocrx_word' id='word_1_276' title='bbox 810 3072 841 3107; x_wconf 92' lang='lat' dir='ltr'>u.</span> 
     </span>
     <span class='ocr_line' id='line_1_39' title="bbox 100 3136 839 3193; baseline -0.004 -5"><span class='ocrx_word' id='word_1_277' title='bbox 100 3136 187 3189; x_wconf 47' lang='lat' dir='ltr'>{rouo</span> <span class='ocrx_word' id='word_1_278' title='bbox 205 3139 242 3193; x_wconf 68' lang='lat'>11·</span> <span class='ocrx_word' id='word_1_279' title='bbox 464 3138 494 3187; x_wconf 71' lang='grc' dir='ltr'>Τ</span> <span class='ocrx_word' id='word_1_280' title='bbox 762 3144 839 3185; x_wconf 64' lang='lat' dir='ltr'>m*</span> 
     </span>
    </p>
   </div>
   <div class='ocr_carea' id='block_1_7' title="bbox 0 0 1034 3709">
    <p class='ocr_par' dir='ltr' id='par_1_7' title="bbox 0 0 1034 3709">
     <span class='ocr_line' id='line_1_40' title="bbox 0 0 1034 3709; baseline 0 0"><span class='ocrx_word' id='word_1_281' title='bbox 0 0 1034 3709; x_wconf 95' lang='lat' dir='ltr'> </span> 
     </span>
    </p>
   </div>
  </div>
 </body>
</html>
