2000 3709
339 207 394 259 L=1
412 178 512 277 5,Εῇ
544 209 634 264 xxll.
799 224 851 272 m

83 288 138 345 lent
149 296 263 347 comitia
274 298 392 363 rogando
404 298 518 363 college.
553 302 624 349 Tum
638 298 850 367 expernuobui-

85 380 130 434 1³8,
147 390 245 439 parum
255 374 333 425 fuisse
344 377 438 427 virium
455 377 483 425 in
494 376 707 443 competitoribus,
721 379 757 427 L.
770 376 852 425 AEmi·

82 449 146 501 lium
165 454 297 517 Paullum,
316 456 359 521 qui
380 470 439 505 cum
457 457 497 505 M.
518 454 596 505 Livio
613 455 698 505 consul
716 454 808 519 suerat,
825 452 867 508 ἃ.

83 528 256 581 damnatione
270 533 383 599 college,
401 533 483 599 &sui
495 536 579 600 prope,
595 535 718 584 ambustus
729 534 853 597 evaserat,

80 605 203 657 infestum
215 611 311 677 plebei,
324 611 370 661 diu
379 628 409 660 ae
418 610 529 661 multum
540 610 700 673 recusantem,
706 610 738 660 ad
748 612 852 672 petitio·

80 699 142 736 uem
158 683 307 755 compellit.
326 691 347 739 is
362 690 486 757 proximo
497 690 616 739 comitiali
625 689 674 753 die,
690 688 853 740 concedenti-

82 758 130 811 bus
143 765 278 829 omnibus,
298 768 343 831 qui
358 782 416 818 curn
432 770 546 815 Varrone
560 775 724 829 certaverant,
740 782 785 834 par
795 781 851 817 ma·

81 841 120 902 gis
133 842 162 891 in
175 842 375 907 adversandum,
393 850 470 909 quim
482 844 584 909 collega,
600 844 673 895 datur
684 844 788 894 consuli.
807 846 850 893 In.-

83 916 114 965 de
146 922 272 985 praetoria
297 922 402 971 comitia
431 921 527 989 habita⁷
563 922 646 971 Creati
674 924 713 971 M.
737 923 850 989 Pompo·

83 998 143 1046 nius
156 999 254 1048 Matho
267 1000 293 1049 ἃ
309 1004 337 1050 P.
355 1000 445 1049 Furius
459 1000 550 1050 Philus.
584 998 728 1063 Romaejuri
739 997 850 1049 dicundo

85 1076 185 1131 urbana
198 1076 253 1129 sors
272 1080 427 1145 Pomponio,
444 1080 509 1130 iuter
520 1080 587 1129 circs
598 1082 724 1131 Romanos
735 1079 761 1130 ἃ
778 1092 849 1145 pere·

86 1156 175 1218 gri-nos
194 1159 224 1205 P.
245 1158 324 1207 Furio
343 1158 414 1207 Philo
431 1158 524 1207 evenit.
560 1157 647 1208 Additi
661 1156 711 1207 duo
722 1168 853 1225 pretores,

85 1238 128 1283 M.
143 1235 270 1285 Claudius>
282 1237 418 1287 Mmcellus
436 1236 461 1285 in
477 1236 592 1300 Siciliam,
608 1238 641 1285 L.
653 1235 792 1285 Postumius
803 1234 850 1283 Al·

87 1309 165 1361 binus
182 1314 210 1363 in
231 1314 351 1363 Galliam.
389 1316 480 1361 Omnes
497 1311 608 1361 absentes
624 1313 701 1363 creati
712 1312 788 1372 suut3
802 1326 851 1361 nee

87 1390 210 1453 cuiquam
232 1404 329 1451 eornm,
348 1399 436 1456 praetcr
457 1389 605 1439 Terentium
626 1386 761 1450 consulem,
778 1401 850 1437 man·

88 1464 162 1515 datus
175 1468 266 1527 honos,
284 1479 360 1531 quem
373 1465 488 1527 jamnon
499 1477 572 1515 antea
586 1464 697 1529 gessisset,
719 1464 854 1533 preteritis.

88 1545 188 1608 aliquot
199 1543 310 1617 sortibus
322 1560 351 1593 ac
364 1544 463 1593 strenuis
473 1544 554 1604 viris,
567 1543 629 1609 quia
637 1543 663 1592 in
677 1543 719 1592 tali
735 1553 854 1611 tempore

89 1624 153 1673 nulli
163 1640 249 1673 novus
261 1622 418 1687 magistratus
429 1621 562 1672 videbatur
573 1619 736 1671 mandandus.

97 1764 102 1769 Ι
124 1704 256 1749 XXXVI.
267 1700 400 1749 Exercitus
409 1713 509 1764 quoque
518 1698 675 1764 multiplicati
685 1696 749 1749 sunt.
761 1700 847 1763 Quam.

92 1788 123 1826 tae
134 1787 220 1827 autem
232 1776 346 1845 peditum
357 1776 517 1841 equitumque
528 1774 616 1825 additae
627 1772 673 1823 fint
684 1776 771 1841 copie,
782 1777 850 1830 aden

91 1854 117 1905 u
128 1870 237 1903 numero
250 1854 276 1903 e
285 1868 378 1917 genere
387 1854 515 1917 copiarum
525 1853 625 1901 variant
632 1850 790 1915 auiloresmt
798 1854 851 1905 vix

90 1933 226 1997 quicquam
242 1932 300 1981 satir
313 1942 407 1991 certum
416 1931 535 1981 affirmare
543 1930 628 1980 ausim.
664 1932 759 1981 Decem
767 1932 848 1982 millia

90 2026 222 2063 novorum
237 2010 348 2059 militum
366 2010 407 2060 alii
425 2010 515 2078 scripta
532 2012 558 2060 in
577 2009 786 2077 supplementum
803 2012 854 2063 alii

91 2104 173 2139 novas
182 2098 295 2153 quatuor.
305 2080 426 2152 legionesi
442 2098 470 2136 ut
482 2085 540 2138 otto
557 2086 695 2151 legionibus
707 2104 759 2138 rem
776 2105 846 2155 gere-

91 2177 162 2219 rent:
180 2179 289 2215 numero
310 2178 409 2229 quoque
429 2162 543 2231 peditum
560 2164 718 2228 equitumque
736 2165 856 2231 legiones.
919 2156 923 2165 ’

91 2238 183 2309 nutias,
201 2242 313 2294 millibus
326 2242 434 2309 peditum
450 2244 475 2293 δε
494 2244 603 2293 centenis
619 2244 743 2309 equitibus
754 2247 780 2297 in
797 2248 846 2299 fin-

91 2322 161 2389 gulas
172 2318 275 2383 adjetiis
283 2338 298 2377 ς,
308 2328 339 2367 ut
353 2320 427 2383 quina
444 2319 522 2371 millia
534 2319 655 2385 peditum,
672 2323 764 2372 treceni
775 2326 846 2394 equi·

91 2411 127 2450 ter
139 2402 231 2459 esseut;
249 2396 311 2447 socii
331 2396 454 2463 duplicem
471 2414 602 2458 numerum
619 2400 731 2465 equiturn
748 2402 851 2467 darent,

92 2478 188 2546 pedites
200 2485 337 2543 aequarent.
367 2480 462 2543 Septem
475 2476 500 2525 ἃ
511 2474 637 2539 olloginta
646 2478 724 2528 millia
734 2492 844 2533 armato-

90 2574 146 2613 rum
164 2557 190 2605 ἀ
205 2554 364 2609 ducentosin
375 2554 462 2605 eastris
475 2557 693 2621 Romants‚.quum
704 2573 853 2625 pugnatum⁴

92 2635 123 2685 ad
136 2631 289 2697 Cannasvest,
306 2630 528 2697 quidamausiores
541 2631 605 2682 sunt.
640 2634 703 2684 Illud
714 2637 848 2705 haudqua-

93 2730 168 2781 quam
180 2712 313 2779 discrepat,
330 2710 429 2773 majore
442 2722 534 2763 conatu
550 2723 624 2779 atque
640 2715 735 2783 impetu
752 2734 804 2768 rem
815 2736 845 2768 a.

92 2793 164 2855 tram,
182 2796 256 2859 quern
271 2788 402 2855 prioribus.
413 2790 483 2839 annis
493 2808 508 2851 ς,
518 2791 755 2859 ᾳιύα.ῑροω,,ροί[ε
772 2797 852 2849 vinciC

93 2870 197 2929 hostem,
216 2866 323 2919 dillator
336 2865 480 2930 praebuerat.
518 2870 642 2929 Ceterum,
659 2868 801 2934 priusquam
814 2873 845 2921 fi.

95 2962 142 3017 gna
154 2946 186 2995 ab
195 2944 258 2993 urbe
270 2958 342 2991 novae
351 2943 460 3007 legiones
469 2937 608 3007 moverent-‚'
621 2944 757 2994 decemviri
765 2948 858 3001 libros.

93 3011 248 3089 ndjreatqu'e
259 3018 378 3099 inspicere
391 3022 446 3088 jussi
457 3033 558 3089 propter
567 3023 751 3100 territmrulge
759 3027 845 3081 hemia
