2000 3709
172 233 222 286 ΞΜ
355 228 358 235 ’
434 231 470 283 Τ.
505 229 664 283 Ltvtt

172 316 297 372 suaserant
307 317 390 385 duces,
402 336 449 388 pro
461 321 535 372 Italia
544 332 621 386 atque
631 320 694 370 urbe
702 321 814 370 Romana
825 333 872 370 eor
883 325 931 386 pu·'

173 411 259 464 gnare.
278 398 371 464 itaque,
390 397 460 449 velut
471 398 562 465 quibus
574 397 667 446 reditus
679 397 704 446 in
715 396 818 464 patriam
830 410 865 446 eo
876 394 928 444 dis-

173 475 277 526 crimine
287 491 378 542 pugnae
390 486 538 539 verteretur,
555 474 742 524 obstinaverant
752 475 850 537 animis,
867 474 929 522 rin·
971 488 973 539 ς

172 567 229 604 cere
240 564 284 603 aut
294 555 369 604 mori.
403 555 490 604 Minus
502 552 638 621 pertinaces
650 552 720 602 viros
731 551 839 600 habebat
850 551 931 599 altera
971 582 973 609 ,

170 631 247 682 aclea.
265 643 324 682 nant
338 633 451 686 maxima
468 646 525 700 part
541 629 648 698 Hispani
657 640 747 681 eraut:
764 631 806 695 qui
816 629 891 680 vinci
902 629 930 676 in
971 632 973 639 '

172 709 301 778 Hispania,
320 717 395 780 quim
416 710 523 762 visiorer
543 710 568 760 in
586 709 686 758 Italiam
700 708 774 770 trahi,
789 707 929 757 malebant.

88 804 92 816 ¹
173 790 258 840 Primo
269 789 347 852 igitur
358 787 488 853 concursu,
505 803 584 854 quum
595 788 643 838 vix
657 787 708 854 pila
719 785 829 850 eonjesia
841 785 928 850 essent,

172 869 257 922 retulit
269 868 357 936 pedem
368 869 450 920 media
461 869 535 932 acies,
551 865 765 933 inferentibusque
776 863 825 914 sese
833 881 929 931 magno

172 948 271 1016 impetu
281 949 402 1000 Romanis
415 957 483 1012 terga
497 947 583 998 vertit.
619 945 708 996 Nihilo
720 943 815 1010 segnius
827 945 855 993 in
870 960 929 994 cor·

173 1025 247 1077 nibus
259 1027 373 1093 proelium
386 1025 444 1078 luit.
462 1027 521 1076 hinc
536 1029 632 1088 Poenus,
650 1024 707 1074 bine
721 1023 784 1074 Aser
792 1033 884 1088 urget:
901 1023 928 1072 ἃ

164 1104 243 1155 ¹uelut
255 1107 282 1156 in
298 1106 483 1166 circumventos
502 1101 712 1172 proeiio'ancipiti
724 1111 844 1168 pugnant.
880 1100 929 1150 Sed

171 1197 250 1252 quum
262 1185 287 1234 in
299 1185 407 1238 medium
421 1195 474 1236 tota
488 1184 542 1247 jam
554 1184 642 1234 coisset
656 1189 768 1241 Romana
779 1183 854 1247 acies,
870 1181 929 1230 sarit

173 1262 268 1312 virium
285 1260 317 1310 ad
334 1260 486 1312 dimovenda
499 1260 607 1312 hostium
617 1276 712 1311 cornua
728 1261 824 1310 habuit.
845 1260 930 1324 itaque

172 1338 224 1390 duo
242 1338 340 1390 diversa
358 1340 442 1407 proelia
460 1349 550 1388 erant:
573 1349 680 1405 utroque
696 1339 812 1411 Rotnani,
830 1338 929 1402 utqui,
971 1385 973 1413 r

173 1416 248 1486 pulsa
267 1417 366 1468 tandem
384 1415 479 1479 mediis,
496 1417 523 1467 ἃ
540 1431 646 1467 nrunero
664 1417 689 1469 st
705 1418 797 1488 robore
813 1417 930 1466 virorum
971 1420 973 1469 l

173 1495 324 1565 prestarent,
340 1496 406 1546 haud
418 1495 493 1546 dubie
505 1494 660 1562 superitunt.
686 1499 782 1560 Magna
793 1495 833 1550 ris
844 1495 929 1544 homi·
971 1502 973 1559 ᾗ

173 1589 234 1624 num
248 1574 284 1624 ibi
295 1573 385 1638 occisa,
398 1575 432 1636 δι,
444 1573 489 1622 nisi
500 1572 605 1640 Hispani
617 1571 853 1624 vixdum'couserto
864 1587 929 1639 proe·
971 1566 973 1625 ζ

172 1651 210 1702 lio
221 1661 274 1702 tarn
289 1650 364 1702 effusa
375 1649 499 1716 sugillent,
516 1652 634 1718 perpauci
645 1665 678 1701 ex
690 1661 745 1700 tota
755 1648 928 1718 superfuissent
971 1678 973 1703 ;

171 1730 234 1782 acie.
269 1731 393 1795 Equeilris
412 1745 496 1797 pugna
508 1729 576 1779 nulla
589 1727 727 1780 admodum
738 1727 796 1789 suit.
814 1729 884 1794 quia,
895 1728 926 1777 ti-

173 1807 226 1856 mul
237 1805 382 1862 inclinatam
392 1806 507 1869 mediani
516 1805 598 1856 aciem
616 1806 700 1855 Mauri
712 1804 928 1870 Numidaequevi-
971 1810 973 1862 ι

173 1883 274 1950 derunt,
292 1885 420 1953 extemplo
431 1885 491 1950 sugi
502 1884 580 1935 essuri
589 1883 656 1934 nuda
672 1899 774 1947 contrua,⁴
791 1883 929 1952 elephantia
971 1888 973 1955 i

173 1977 273 2030 quoque
285 1978 335 2030 prae
351 1962 376 2012 se
387 1961 454 2027 aslis,
471 1961 609 2012 deseruere.
643 1963 677 2012 Et
687 1959 833 2021 Hasdrubal,
850 1960 928 2027 usque
971 1964 973 2027 i

172 2039 206 2092 ad
224 2041 341 2092 ultimum
357 2051 476 2092 eventum
494 2054 585 2108 pugna
602 2050 723 2102 moratus,
738 2038 851 2088 &media
862 2039 929 2089 cade
971 2042 973 2115 y

172 2132 232 2168 euna
242 2119 327 2186 paucis
338 2117 436 2182 effugit.
473 2118 557 2168 Castra
571 2119 680 2169 Romani
691 2130 788 2184 cepere,
805 2127 879 2182 atque
888 2117 927 2168 di-
971 2132 973 2191 i

173 2195 284 2260 ripuere
318 2197 354 2246 Ea
373 2209 464 2261 pugna,
481 2193 499 2244 si
515 2209 566 2260 qua
580 2193 682 2244 dubia
675 2209 701 2244 ιιι
719 2193 838 2261 Hispania
849 2206 973 2279 erant,
971 2194 973 2233 Ι

172 2273 295 2324 Romanis
306 2272 442 2337 adjunxit·
460 2272 659 2340 Hasdrubalique
669 2287 721 2322 non
731 2272 827 2322 modd'
821 2289 847 2322 ru
857 2273 925 2322 ltali-

171 2366 215 2402 am
226 2351 370 2404 traducendi
382 2353 515 2416 exercitiis,
533 2350 616 2400 sedne
628 2350 742 2417 nranendi
754 2352 855 2417 quidem
868 2350 925 2400 satit

152 2451 154 2458 ·
171 2433 245 2483 nitu
238 2447 265 2482 ιιι
277 2430 404 2500 Hispania,
415 2432 483 2500 spem
498 2430 609 2496 reliquit
638 2434 701 2495 Qua
710 2431 841 2498 postquam
850 2431 924 2480 literis

173 2509 318 2576 Scipionum
339 2513 426 2563 Roma
445 2510 550 2575 vulgata
567 2507 634 2572 suut,
659 2525 711 2560 nnn
733 2522 784 2560 tam
809 2508 924 2575 vitioria,

172 2589 250 2650 quam
261 2587 391 2653 prohibitu
403 2587 586 2641 Hasdrubalis
579 2601 607 2637 ιιι
617 2586 717 2667 Italiam
734 2586 843 2653 transitu,
859 2587 926 2638 lata-

174 2661 277 2715 bantur.
357 2693 361 2700 ·

209 2745 298 2796 XXX
315 2745 383 2802 Dum
402 2745 478 2800 hae
471 2761 497 2796 ιιι
510 2741 629 2811 Hispania
644 2754 773 2810 geruntur,
773 2744 908 2795 Petelia
901 2757 931 2795 in-

174 2823 287 2890 Bruttiis,
298 2825 396 2892 aliquot
407 2825 461 2893 post
472 2821 604 2886 mensibuu,
621 2830 697 2889 quam
707 2833 788 2890 coepta
796 2839 925 2891 oppugna-

173 2902 269 2968 tierau
287 2903 319 2954 ab
329 2904 491 2963 Hiruileone,
499 2898 616 2970 prasesio
626 2901 783 2965 Hannibalis,
800 2915 924 2968 expugna·
971 2935 973 2955 j

174 2988 203 3030 ta
220 2981 265 3030 eli.
300 2981 386 3054 Multo
398 2980 519 3046 sanguine
541 2993 572 3029 ac
591 2971 738 3029 vulneribus
759 2993 790 3028 ea
799 2979 878 3031 Ptenis
885 2993 924 3028 vr

174 3053 255 3110 &oria
264 3057 346 3116 stetit.
361 3074 410 3114 nne
417 3059 468 3124 ullu
480 3058 563 3124 mugit
575 3055 618 3110 tit
625 3056 743 3127 obsessa,
758 3061 834 3125 quiam
842 3054 925 3119 santet,

278 3178 281 3183 .
308 3181 309 3184 ,
844 3146 923 3202 expu-
