<?xml version="1.0" encoding="UTF-8"?>
<!DOCTYPE html PUBLIC "-//W3C//DTD XHTML 1.0 Transitional//EN"
    "http://www.w3.org/TR/xhtml1/DTD/xhtml1-transitional.dtd">
<html xmlns="http://www.w3.org/1999/xhtml" xml:lang="en" lang="en">
 <head>
  <title>
</title>
<meta http-equiv="Content-Type" content="text/html;charset=utf-8" />
  <meta name='ocr-system' content='tesseract 3.04.00' />
  <meta name='ocr-capabilities' content='ocr_page ocr_carea ocr_par ocr_line ocrx_word'/>
</head>
<body>
  <div class='ocr_page' id='page_1' title='image "./titiliviipatavi01ruddgoog_0077.png"; bbox 0 0 2000 3709; ppageno 0'>
   <div class='ocr_carea' id='block_1_1' title="bbox 318 216 832 289">
    <p class='ocr_par' dir='ltr' id='par_1_1' title="bbox 318 216 832 289">
     <span class='ocr_line' id='line_1_1' title="bbox 318 216 832 289; baseline 0.016 -19"><span class='ocrx_word' id='word_1_1' title='bbox 318 216 559 274; x_wconf 73' lang='lat' dir='ltr'>Ltuunrt.</span> <span class='ocrx_word' id='word_1_2' title='bbox 787 218 832 289; x_wconf 59' lang='grc' dir='ltr'>ω’</span> 
     </span>
    </p>
   </div>
   <div class='ocr_carea' id='block_1_2' title="bbox 70 300 903 3143">
    <p class='ocr_par' dir='ltr' id='par_1_2' title="bbox 71 300 903 896">
     <span class='ocr_line' id='line_1_2' title="bbox 74 300 823 378; baseline 0.02 -24"><span class='ocrx_word' id='word_1_3' title='bbox 74 300 115 355; x_wconf 84' lang='lat' dir='ltr'>sne</span> <span class='ocrx_word' id='word_1_4' title='bbox 125 307 179 357; x_wconf 91' lang='lat' dir='ltr'>ullo</span> <span class='ocrx_word' id='word_1_5' title='bbox 195 308 357 359; x_wconf 84' lang='lat' dir='ltr'>memorabili</span> <span class='ocrx_word' id='word_1_6' title='bbox 378 311 475 377; x_wconf 84' lang='lat' dir='ltr'>proelio,</span> <span class='ocrx_word' id='word_1_7' title='bbox 492 312 647 378; x_wconf 80' lang='lat' dir='ltr'>pacatumab</span> <span class='ocrx_word' id='word_1_8' title='bbox 657 302 775 367; x_wconf 71' lang='lat' dir='ltr'>didatore</span> <span class='ocrx_word' id='word_1_9' title='bbox 788 320 823 369; x_wconf 73' lang='lat' dir='ltr'>t.</span> 
     </span>
     <span class='ocr_line' id='line_1_3' title="bbox 74 386 903 464; baseline 0.014 -30"><span class='ocrx_word' id='word_1_10' title='bbox 74 388 171 435; x_wconf 87' lang='lat' dir='ltr'>truriam</span> <span class='ocrx_word' id='word_1_11' title='bbox 182 386 242 450; x_wconf 83' lang='lat' dir='ltr'>csse,</span> <span class='ocrx_word' id='word_1_12' title='bbox 262 387 425 439; x_wconf 79' lang='lat' dir='ltr'>seditionibus</span> <span class='ocrx_word' id='word_1_13' title='bbox 436 394 533 439; x_wconf 81' lang='lat' dir='ltr'>tautum</span> <span class='ocrx_word' id='word_1_14' title='bbox 546 393 704 443; x_wconf 77' lang='lat' dir='ltr'>Aretinorum</span> <span class='ocrx_word' id='word_1_15' title='bbox 721 401 823 462; x_wconf 77' lang='lat' dir='ltr'>compo·</span> <span class='ocrx_word' id='word_1_16' title='bbox 899 458 903 464; x_wconf 9' lang='lat' dir='ltr'>p</span> 
     </span>
     <span class='ocr_line' id='line_1_4' title="bbox 73 462 821 535; baseline 0.015 -22"><span class='ocrx_word' id='word_1_17' title='bbox 73 462 127 527; x_wconf 81' lang='lat' dir='ltr'>litis,</span> <span class='ocrx_word' id='word_1_18' title='bbox 145 466 170 515; x_wconf 74' lang='lat' dir='ltr'>ec</span> <span class='ocrx_word' id='word_1_19' title='bbox 189 466 275 516; x_wconf 86' lang='lat' dir='ltr'><strong>Cilnio</strong></span> <span class='ocrx_word' id='word_1_20' title='bbox 287 482 377 531; x_wconf 83' lang='lat' dir='ltr'>genere</span> <span class='ocrx_word' id='word_1_21' title='bbox 392 483 451 517; x_wconf 85' lang='lat' dir='ltr'>cum</span> <span class='ocrx_word' id='word_1_22' title='bbox 469 468 576 535; x_wconf 71' lang='lat' dir='ltr'>plebeia</span> <span class='ocrx_word' id='word_1_23' title='bbox 594 473 698 533; x_wconf 75' lang='lat' dir='ltr'>gratiam</span> <span class='ocrx_word' id='word_1_24' title='bbox 709 474 821 523; x_wconf 68' lang='lat' dir='ltr'>reducto.</span> 
     </span>
     <span class='ocr_line' id='line_1_5' title="bbox 73 541 820 615; baseline 0.012 -27"><span class='ocrx_word' id='word_1_25' title='bbox 73 541 162 589; x_wconf 86' lang='lat' dir='ltr'>Consul</span> <span class='ocrx_word' id='word_1_26' title='bbox 173 556 207 593; x_wconf 86' lang='lat' dir='ltr'>ex</span> <span class='ocrx_word' id='word_1_27' title='bbox 218 543 341 593; x_wconf 71' lang='lat' dir='ltr'>dictatura</span> <span class='ocrx_word' id='word_1_28' title='bbox 352 543 429 593; x_wconf 72' lang='lat' dir='ltr'>fastus</span> <span class='ocrx_word' id='word_1_29' title='bbox 442 548 480 593; x_wconf 89' lang='lat' dir='ltr'>M.</span> <span class='ocrx_word' id='word_1_30' title='bbox 492 546 612 595; x_wconf 72' lang='lat' dir='ltr'>valerius.</span> <span class='ocrx_word' id='word_1_31' title='bbox 629 562 680 596; x_wconf 88' lang='lat' dir='ltr'>non</span> <span class='ocrx_word' id='word_1_32' title='bbox 689 560 820 615; x_wconf 89' lang='lat' dir='ltr'>petentem,</span> 
     </span>
     <span class='ocr_line' id='line_1_6' title="bbox 72 620 849 693; baseline 0.015 -28"><span class='ocrx_word' id='word_1_33' title='bbox 72 628 141 682; x_wconf 84' lang='lat' dir='ltr'>atque</span> <span class='ocrx_word' id='word_1_34' title='bbox 160 620 223 671; x_wconf 89' lang='lat' dir='ltr'>adeo</span> <span class='ocrx_word' id='word_1_35' title='bbox 244 622 322 670; x_wconf 88' lang='lat' dir='ltr'>etiam</span> <span class='ocrx_word' id='word_1_36' title='bbox 341 621 476 687; x_wconf 82' lang='lat' dir='ltr'>absentem,</span> <span class='ocrx_word' id='word_1_37' title='bbox 495 634 605 673; x_wconf 82' lang='lat' dir='ltr'>creatum</span> <span class='ocrx_word' id='word_1_38' title='bbox 623 626 749 676; x_wconf 81' lang='lat' dir='ltr'>credidere</span> <span class='ocrx_word' id='word_1_39' title='bbox 768 628 822 693; x_wconf 89' lang='lat' dir='ltr'>qui·</span> <span class='ocrx_word' id='word_1_40' title='bbox 839 642 849 649; x_wconf 90' lang='lat'><strong>·</strong></span> 
     </span>
     <span class='ocr_line' id='line_1_7' title="bbox 72 694 820 763; baseline 0.015 -20"><span class='ocrx_word' id='word_1_41' title='bbox 72 694 141 755; x_wconf 82' lang='lat' dir='ltr'>dam;</span> <span class='ocrx_word' id='word_1_42' title='bbox 158 697 183 745; x_wconf 77' lang='lat' dir='ltr'>dc</span> <span class='ocrx_word' id='word_1_43' title='bbox 202 712 248 763; x_wconf 90' lang='lat' dir='ltr'>per</span> <span class='ocrx_word' id='word_1_44' title='bbox 265 699 416 762; x_wconf 83' lang='lat' dir='ltr'>interregem</span> <span class='ocrx_word' id='word_1_45' title='bbox 436 716 465 749; x_wconf 85' lang='lat' dir='ltr'>ea</span> <span class='ocrx_word' id='word_1_46' title='bbox 483 702 584 750; x_wconf 82' lang='lat' dir='ltr'>comitia</span> <span class='ocrx_word' id='word_1_47' title='bbox 601 700 673 751; x_wconf 72' lang='lat' dir='ltr'>satia.</span> <span class='ocrx_word' id='word_1_48' title='bbox 699 704 723 753; x_wconf 88' lang='lat' dir='ltr'>id</span> <span class='ocrx_word' id='word_1_49' title='bbox 742 720 820 754; x_wconf 90' lang='lat' dir='ltr'>unum</span> 
     </span>
     <span class='ocr_line' id='line_1_8' title="bbox 71 774 821 846; baseline 0.016 -27"><span class='ocrx_word' id='word_1_50' title='bbox 71 786 121 820; x_wconf 83' lang='lat' dir='ltr'>non</span> <span class='ocrx_word' id='word_1_51' title='bbox 131 774 279 838; x_wconf 76' lang='lat' dir='ltr'>ambigitur,</span> <span class='ocrx_word' id='word_1_52' title='bbox 296 774 451 825; x_wconf 87' lang='lat' dir='ltr'>consulatum</span> <span class='ocrx_word' id='word_1_53' title='bbox 463 792 520 826; x_wconf 90' lang='lat' dir='ltr'>cum</span> <span class='ocrx_word' id='word_1_54' title='bbox 532 778 655 844; x_wconf 81' lang='lat' dir='ltr'>Appuleio</span> <span class='ocrx_word' id='word_1_55' title='bbox 673 781 750 830; x_wconf 85' lang='lat' dir='ltr'>Pansa</span> <span class='ocrx_word' id='word_1_56' title='bbox 766 780 821 846; x_wconf 85' lang='lat' dir='ltr'>ges·</span> 
     </span>
     <span class='ocr_line' id='line_1_9' title="bbox 73 846 132 896; baseline -0.017 0"><span class='ocrx_word' id='word_1_57' title='bbox 73 846 132 896; x_wconf 78' lang='lat' dir='ltr'>fisse.</span> 
     </span>
    </p>

    <p class='ocr_par' dir='ltr' id='par_1_3' title="bbox 70 928 888 3078">
     <span class='ocr_line' id='line_1_10' title="bbox 104 928 823 1003; baseline 0.014 -28"><span class='ocrx_word' id='word_1_58' title='bbox 104 930 151 975; x_wconf 88' lang='lat' dir='ltr'>Vi.</span> <span class='ocrx_word' id='word_1_59' title='bbox 161 930 201 977; x_wconf 82' lang='lat' dir='ltr'>M.</span> <span class='ocrx_word' id='word_1_60' title='bbox 214 928 319 979; x_wconf 87' lang='lat' dir='ltr'>Valerio</span> <span class='ocrx_word' id='word_1_61' title='bbox 332 930 358 981; x_wconf 67' lang='grc' dir='ltr'><strong>ἃ</strong></span> <span class='ocrx_word' id='word_1_62' title='bbox 369 932 404 993; x_wconf 78' lang='lat' dir='ltr'>Q.</span> <span class='ocrx_word' id='word_1_63' title='bbox 420 930 544 996; x_wconf 82' lang='lat' dir='ltr'>Appuleio</span> <span class='ocrx_word' id='word_1_64' title='bbox 555 930 704 996; x_wconf 77' lang='lat' dir='ltr'>consulibus,</span> <span class='ocrx_word' id='word_1_65' title='bbox 715 932 771 985; x_wconf 81' lang='lat' dir='ltr'>satis</span> <span class='ocrx_word' id='word_1_66' title='bbox 780 952 823 1003; x_wconf 76' lang='lat' dir='ltr'>pa⁴</span> 
     </span>
     <span class='ocr_line' id='line_1_11' title="bbox 70 1002 825 1060; baseline 0.016 -11"><span class='ocrx_word' id='word_1_67' title='bbox 70 1012 130 1051; x_wconf 82' lang='lat' dir='ltr'>catae</span> <span class='ocrx_word' id='word_1_68' title='bbox 141 1002 202 1052; x_wconf 78' lang='lat' dir='ltr'>soris</span> <span class='ocrx_word' id='word_1_69' title='bbox 213 1020 252 1053; x_wconf 86' lang='lat' dir='ltr'>res</span> <span class='ocrx_word' id='word_1_70' title='bbox 263 1006 341 1053; x_wconf 90' lang='lat' dir='ltr'>suere.</span> <span class='ocrx_word' id='word_1_71' title='bbox 376 1006 507 1055; x_wconf 88' lang='lat' dir='ltr'>Etruscum</span> <span class='ocrx_word' id='word_1_72' title='bbox 518 1005 621 1055; x_wconf 79' lang='lat' dir='ltr'>adversa</span> <span class='ocrx_word' id='word_1_73' title='bbox 631 1007 687 1057; x_wconf 74' lang='lat' dir='ltr'>belli</span> <span class='ocrx_word' id='word_1_74' title='bbox 697 1024 735 1059; x_wconf 86' lang='lat' dir='ltr'>ret</span> <span class='ocrx_word' id='word_1_75' title='bbox 747 1012 773 1060; x_wconf 68' lang='grc' dir='ltr'>ἀ</span> <span class='ocrx_word' id='word_1_76' title='bbox 782 1012 825 1060; x_wconf 73' lang='lat' dir='ltr'>itt-⁹</span> 
     </span>
     <span class='ocr_line' id='line_1_12' title="bbox 71 1078 821 1145; baseline 0.012 -17"><span class='ocrx_word' id='word_1_77' title='bbox 71 1078 147 1128; x_wconf 78' lang='lat' dir='ltr'>ducta</span> <span class='ocrx_word' id='word_1_78' title='bbox 158 1082 273 1145; x_wconf 85' lang='lat' dir='ltr'>quietum</span> <span class='ocrx_word' id='word_1_79' title='bbox 284 1082 418 1132; x_wconf 86' lang='lat' dir='ltr'>tenebant:</span> <span class='ocrx_word' id='word_1_80' title='bbox 428 1082 577 1143; x_wconf 85' lang='lat' dir='ltr'>¹Samnitem,</span> <span class='ocrx_word' id='word_1_81' title='bbox 592 1084 728 1134; x_wconf 87' lang='lat' dir='ltr'>multorum</span> <span class='ocrx_word' id='word_1_82' title='bbox 742 1103 821 1138; x_wconf 85' lang='lat' dir='ltr'>anno·</span> 
     </span>
     <span class='ocr_line' id='line_1_13' title="bbox 71 1158 824 1229; baseline 0.011 -24"><span class='ocrx_word' id='word_1_83' title='bbox 71 1171 125 1205; x_wconf 87' lang='lat' dir='ltr'>rum</span> <span class='ocrx_word' id='word_1_84' title='bbox 136 1158 250 1209; x_wconf 77' lang='lat' dir='ltr'>cladibus</span> <span class='ocrx_word' id='word_1_85' title='bbox 265 1160 397 1223; x_wconf 78' lang='lat' dir='ltr'>domitum,</span> <span class='ocrx_word' id='word_1_86' title='bbox 415 1160 541 1209; x_wconf 80' lang='lat' dir='ltr'>hauddum</span> <span class='ocrx_word' id='word_1_87' title='bbox 556 1160 654 1209; x_wconf 74' lang='lat' dir='ltr'>sederit</span> <span class='ocrx_word' id='word_1_88' title='bbox 670 1164 733 1211; x_wconf 89' lang='lat' dir='ltr'>novi</span> <span class='ocrx_word' id='word_1_89' title='bbox 745 1160 824 1229; x_wconf 68' lang='lat' dir='ltr'>poenlJ</span> 
     </span>
     <span class='ocr_line' id='line_1_14' title="bbox 72 1234 821 1305; baseline 0.013 -24"><span class='ocrx_word' id='word_1_90' title='bbox 72 1234 146 1283; x_wconf 76' lang='lat' dir='ltr'>lebat.</span> <span class='ocrx_word' id='word_1_91' title='bbox 181 1239 271 1287; x_wconf 83' lang='lat' dir='ltr'>Romae</span> <span class='ocrx_word' id='word_1_92' title='bbox 283 1252 381 1303; x_wconf 89' lang='lat' dir='ltr'>quoque</span> <span class='ocrx_word' id='word_1_93' title='bbox 394 1237 493 1305; x_wconf 85' lang='lat' dir='ltr'>plebem</span> <span class='ocrx_word' id='word_1_94' title='bbox 502 1238 610 1302; x_wconf 86' lang='lat' dir='ltr'>quietam</span> <span class='ocrx_word' id='word_1_95' title='bbox 623 1238 649 1287; x_wconf 72' lang='lat' dir='ltr'>dc</span> <span class='ocrx_word' id='word_1_96' title='bbox 660 1251 821 1291; x_wconf 72' lang='lat' dir='ltr'>exoneratam</span> 
     </span>
     <span class='ocr_line' id='line_1_15' title="bbox 72 1308 822 1380; baseline 0.013 -23"><span class='ocrx_word' id='word_1_97' title='bbox 72 1308 172 1361; x_wconf 66' lang='lat' dir='ltr'>deducta</span> <span class='ocrx_word' id='word_1_98' title='bbox 192 1314 220 1361; x_wconf 89' lang='lat' dir='ltr'>in</span> <span class='ocrx_word' id='word_1_99' title='bbox 237 1315 349 1365; x_wconf 79' lang='lat' dir='ltr'>colunias</span> <span class='ocrx_word' id='word_1_100' title='bbox 365 1314 498 1363; x_wconf 77' lang='lat' dir='ltr'>multitudo</span> <span class='ocrx_word' id='word_1_101' title='bbox 515 1315 651 1380; x_wconf 78' lang='lat' dir='ltr'>ptaeslabat.</span> <span class='ocrx_word' id='word_1_102' title='bbox 674 1326 771 1380; x_wconf 85' lang='lat' dir='ltr'>tameo,</span> <span class='ocrx_word' id='word_1_103' title='bbox 787 1331 822 1367; x_wconf 79' lang='lat' dir='ltr'>ne</span> 
     </span>
     <span class='ocr_line' id='line_1_16' title="bbox 72 1388 822 1457; baseline 0.003 -16"><span class='ocrx_word' id='word_1_104' title='bbox 72 1388 179 1454; x_wconf 82' lang='lat' dir='ltr'>undiquc</span> <span class='ocrx_word' id='word_1_105' title='bbox 198 1393 336 1457; x_wconf 79' lang='lat' dir='ltr'>tranquillae</span> <span class='ocrx_word' id='word_1_106' title='bbox 347 1406 384 1441; x_wconf 81' lang='lat' dir='ltr'>res</span> <span class='ocrx_word' id='word_1_107' title='bbox 395 1390 477 1448; x_wconf 80' lang='lat' dir='ltr'>essent,</span> <span class='ocrx_word' id='word_1_108' title='bbox 494 1402 619 1439; x_wconf 75' lang='lat' dir='ltr'>certarnen</span> <span class='ocrx_word' id='word_1_109' title='bbox 630 1391 745 1455; x_wconf 80' lang='lat' dir='ltr'>injetlum</span> <span class='ocrx_word' id='word_1_110' title='bbox 756 1396 822 1443; x_wconf 86' lang='lat' dir='ltr'>inter</span> 
     </span>
     <span class='ocr_line' id='line_1_17' title="bbox 71 1464 821 1533; baseline 0.007 -21"><span class='ocrx_word' id='word_1_111' title='bbox 71 1465 188 1529; x_wconf 87' lang='lat' dir='ltr'>primores</span> <span class='ocrx_word' id='word_1_112' title='bbox 208 1466 327 1528; x_wconf 85' lang='lat' dir='ltr'>civitatis,</span> <span class='ocrx_word' id='word_1_113' title='bbox 346 1466 462 1533; x_wconf 84' lang='lat' dir='ltr'>patricios</span> <span class='ocrx_word' id='word_1_114' title='bbox 482 1464 648 1531; x_wconf 83' lang='lat' dir='ltr'>plebeiosque,</span> <span class='ocrx_word' id='word_1_115' title='bbox 666 1467 698 1515; x_wconf 86' lang='lat' dir='ltr'>ab</span> <span class='ocrx_word' id='word_1_116' title='bbox 716 1468 821 1517; x_wconf 77' lang='lat' dir='ltr'>tribunis</span> 
     </span>
     <span class='ocr_line' id='line_1_18' title="bbox 72 1541 822 1607; baseline 0.009 -19"><span class='ocrx_word' id='word_1_117' title='bbox 72 1541 147 1606; x_wconf 83' lang='lat' dir='ltr'>plebis</span> <span class='ocrx_word' id='word_1_118' title='bbox 165 1547 201 1607; x_wconf 79' lang='lat' dir='ltr'>Q.</span> <span class='ocrx_word' id='word_1_119' title='bbox 221 1544 247 1593; x_wconf 77' lang='grc' dir='ltr'>ἃ</span> <span class='ocrx_word' id='word_1_120' title='bbox 261 1548 308 1593; x_wconf 90' lang='lat' dir='ltr'>Cn.</span> <span class='ocrx_word' id='word_1_121' title='bbox 321 1542 442 1607; x_wconf 82' lang='lat' dir='ltr'>Oguiniis.</span> <span class='ocrx_word' id='word_1_122' title='bbox 461 1544 512 1607; x_wconf 87' lang='lat' dir='ltr'>qui,</span> <span class='ocrx_word' id='word_1_123' title='bbox 529 1542 638 1606; x_wconf 89' lang='lat' dir='ltr'>undique</span> <span class='ocrx_word' id='word_1_124' title='bbox 651 1543 822 1595; x_wconf 77' lang='lat' dir='ltr'>criminando-</span> 
     </span>
     <span class='ocr_line' id='line_1_19' title="bbox 72 1617 821 1686; baseline -0.003 -21"><span class='ocrx_word' id='word_1_125' title='bbox 72 1633 125 1667; x_wconf 90' lang='lat' dir='ltr'>rum</span> <span class='ocrx_word' id='word_1_126' title='bbox 138 1622 240 1669; x_wconf 88' lang='lat' dir='ltr'>Patrum</span> <span class='ocrx_word' id='word_1_127' title='bbox 252 1620 319 1686; x_wconf 82' lang='lat' dir='ltr'>apud</span> <span class='ocrx_word' id='word_1_128' title='bbox 338 1620 434 1686; x_wconf 87' lang='lat' dir='ltr'>plebem</span> <span class='ocrx_word' id='word_1_129' title='bbox 445 1617 613 1669; x_wconf 68' lang='lat' dir='ltr'>occasionibus</span> <span class='ocrx_word' id='word_1_130' title='bbox 626 1619 737 1683; x_wconf 75' lang='lat' dir='ltr'>quzfitis,</span> <span class='ocrx_word' id='word_1_131' title='bbox 754 1625 821 1686; x_wconf 77' lang='lat' dir='ltr'>post.</span> 
     </span>
     <span class='ocr_line' id='line_1_20' title="bbox 72 1696 817 1763; baseline 0.001 -18"><span class='ocrx_word' id='word_1_132' title='bbox 72 1711 145 1760; x_wconf 89' lang='lat' dir='ltr'>quam</span> <span class='ocrx_word' id='word_1_133' title='bbox 155 1698 206 1747; x_wconf 83' lang='lat' dir='ltr'>alia</span> <span class='ocrx_word' id='word_1_134' title='bbox 215 1698 304 1747; x_wconf 71' lang='lat' dir='ltr'>frustra</span> <span class='ocrx_word' id='word_1_135' title='bbox 315 1704 409 1747; x_wconf 85' lang='lat' dir='ltr'>tentata</span> <span class='ocrx_word' id='word_1_136' title='bbox 419 1706 496 1757; x_wconf 85' lang='lat' dir='ltr'>erant,</span> <span class='ocrx_word' id='word_1_137' title='bbox 512 1710 566 1743; x_wconf 82' lang='lat' dir='ltr'>cam</span> <span class='ocrx_word' id='word_1_138' title='bbox 575 1696 697 1746; x_wconf 68' lang='lat' dir='ltr'>adiuuem</span> <span class='ocrx_word' id='word_1_139' title='bbox 708 1696 817 1763; x_wconf 86' lang='lat' dir='ltr'>suscepe-</span> 
     </span>
     <span class='ocr_line' id='line_1_21' title="bbox 71 1770 819 1839; baseline 0.001 -18"><span class='ocrx_word' id='word_1_140' title='bbox 71 1784 136 1836; x_wconf 83' lang='lat' dir='ltr'>ruut,</span> <span class='ocrx_word' id='word_1_141' title='bbox 150 1774 203 1839; x_wconf 77' lang='lat' dir='ltr'>qud</span> <span class='ocrx_word' id='word_1_142' title='bbox 223 1790 275 1825; x_wconf 85' lang='lat' dir='ltr'>nun</span> <span class='ocrx_word' id='word_1_143' title='bbox 292 1772 403 1823; x_wconf 80' lang='lat' dir='ltr'>infimam</span> <span class='ocrx_word' id='word_1_144' title='bbox 415 1770 509 1837; x_wconf 82' lang='lat' dir='ltr'>plebem</span> <span class='ocrx_word' id='word_1_145' title='bbox 525 1770 694 1833; x_wconf 82' lang='lat' dir='ltr'>accenderent,</span> <span class='ocrx_word' id='word_1_146' title='bbox 711 1772 752 1823; x_wconf 88' lang='lat' dir='ltr'>sed</span> <span class='ocrx_word' id='word_1_147' title='bbox 767 1773 819 1838; x_wconf 86' lang='lat' dir='ltr'>ipsa</span> 
     </span>
     <span class='ocr_line' id='line_1_22' title="bbox 71 1845 841 1917; baseline -0.003 -18"><span class='ocrx_word' id='word_1_148' title='bbox 71 1851 152 1916; x_wconf 80' lang='lat' dir='ltr'>capita</span> <span class='ocrx_word' id='word_1_149' title='bbox 160 1852 249 1917; x_wconf 80' lang='lat' dir='ltr'>plebis,</span> <span class='ocrx_word' id='word_1_150' title='bbox 257 1850 396 1899; x_wconf 85' lang='lat' dir='ltr'>consulares</span> <span class='ocrx_word' id='word_1_151' title='bbox 408 1845 614 1913; x_wconf 85' lang='lat' dir='ltr'>triumphalesque</span> <span class='ocrx_word' id='word_1_152' title='bbox 624 1846 747 1913; x_wconf 80' lang='lat' dir='ltr'>plebeios:</span> <span class='ocrx_word' id='word_1_153' title='bbox 759 1864 822 1913; x_wconf 88' lang='lat' dir='ltr'>quo·</span> <span class='ocrx_word' id='word_1_154' title='bbox 838 1867 841 1872; x_wconf 91' lang='lat'>·</span> 
     </span>
     <span class='ocr_line' id='line_1_23' title="bbox 70 1925 820 1993; baseline -0.003 -16"><span class='ocrx_word' id='word_1_155' title='bbox 70 1941 126 1978; x_wconf 81' lang='lat' dir='ltr'>rom</span> <span class='ocrx_word' id='word_1_156' title='bbox 138 1928 277 1977; x_wconf 81' lang='lat' dir='ltr'>honoribus</span> <span class='ocrx_word' id='word_1_157' title='bbox 296 1928 367 1988; x_wconf 86' lang='lat' dir='ltr'>nihil,</span> <span class='ocrx_word' id='word_1_158' title='bbox 384 1936 471 1993; x_wconf 72' lang='lat' dir='ltr'>preter</span> <span class='ocrx_word' id='word_1_159' title='bbox 482 1925 625 1986; x_wconf 83' lang='lat' dir='ltr'>sacerdotia,</span> <span class='ocrx_word' id='word_1_160' title='bbox 642 1942 696 1991; x_wconf 83' lang='lat' dir='ltr'>quae</span> <span class='ocrx_word' id='word_1_161' title='bbox 707 1926 820 1975; x_wconf 88' lang='lat' dir='ltr'>nondum</span> 
     </span>
     <span class='ocr_line' id='line_1_24' title="bbox 72 1990 821 2073; baseline -0.007 -17"><span class='ocrx_word' id='word_1_162' title='bbox 72 2004 212 2073; x_wconf 87' lang='lat' dir='ltr'>promiscua</span> <span class='ocrx_word' id='word_1_163' title='bbox 228 2016 305 2069; x_wconf 80' lang='lat' dir='ltr'>erant,</span> <span class='ocrx_word' id='word_1_164' title='bbox 323 1990 421 2055; x_wconf 78' lang='lat' dir='ltr'>dees&#39;l&#39;et.</span> <span class='ocrx_word' id='word_1_165' title='bbox 455 2004 621 2067; x_wconf 79' lang='lat' dir='ltr'>Rogationem</span> <span class='ocrx_word' id='word_1_166' title='bbox 631 2018 691 2067; x_wconf 87' lang='lat' dir='ltr'>ergo</span> <span class='ocrx_word' id='word_1_167' title='bbox 712 2004 821 2070; x_wconf 88' lang='lat' dir='ltr'>promul·</span> 
     </span>
     <span class='ocr_line' id='line_1_25' title="bbox 72 2078 820 2146; baseline -0.003 -16"><span class='ocrx_word' id='word_1_168' title='bbox 72 2082 169 2145; x_wconf 73' lang='lat' dir='ltr'>gamot,</span> <span class='ocrx_word' id='word_1_169' title='bbox 186 2090 225 2144; x_wconf 88' lang='lat' dir='ltr'>ut,</span> <span class='ocrx_word' id='word_1_170' title='bbox 242 2096 318 2146; x_wconf 89' lang='lat' dir='ltr'>quum</span> <span class='ocrx_word' id='word_1_171' title='bbox 326 2092 434 2145; x_wconf 86' lang='lat' dir='ltr'>quatuor</span> <span class='ocrx_word' id='word_1_172' title='bbox 443 2092 556 2141; x_wconf 80' lang='lat' dir='ltr'>augurer,</span> <span class='ocrx_word' id='word_1_173' title='bbox 572 2089 679 2140; x_wconf 88' lang='lat' dir='ltr'>quatuor</span> <span class='ocrx_word' id='word_1_174' title='bbox 689 2078 820 2144; x_wconf 70' lang='lat' dir='ltr'>pontifices</span> 
     </span>
     <span class='ocr_line' id='line_1_26' title="bbox 71 2154 888 2225; baseline -0.002 -18"><span class='ocrx_word' id='word_1_175' title='bbox 71 2161 98 2207; x_wconf 74' lang='lat' dir='ltr'>et</span> <span class='ocrx_word' id='word_1_176' title='bbox 117 2159 263 2225; x_wconf 81' lang='lat' dir='ltr'>tempestate</span> <span class='ocrx_word' id='word_1_177' title='bbox 282 2160 364 2219; x_wconf 89' lang='lat' dir='ltr'>ell&#39;ent,</span> <span class='ocrx_word' id='word_1_178' title='bbox 388 2157 541 2223; x_wconf 88' lang='lat' dir='ltr'>placeretque</span> <span class='ocrx_word' id='word_1_179' title='bbox 561 2156 644 2216; x_wconf 82' lang='lat' dir='ltr'>augeri</span> <span class='ocrx_word' id='word_1_180' title='bbox 664 2154 821 2206; x_wconf 88' lang='lat' dir='ltr'>sacerdotum</span> <span class='ocrx_word' id='word_1_181' title='bbox 882 2171 888 2183; x_wconf 84' lang='grc'><em>’</em></span> 
     </span>
     <span class='ocr_line' id='line_1_27' title="bbox 71 2232 819 2301; baseline -0.003 -16"><span class='ocrx_word' id='word_1_182' title='bbox 71 2252 211 2300; x_wconf 81' lang='lat' dir='ltr'>numerum,</span> <span class='ocrx_word' id='word_1_183' title='bbox 237 2247 343 2301; x_wconf 87' lang='lat' dir='ltr'>quatuor</span> <span class='ocrx_word' id='word_1_184' title='bbox 364 2232 501 2301; x_wconf 80' lang='lat' dir='ltr'>pontifices,</span> <span class='ocrx_word' id='word_1_185' title='bbox 526 2233 635 2297; x_wconf 89' lang='lat' dir='ltr'>quinque</span> <span class='ocrx_word' id='word_1_186' title='bbox 653 2248 765 2298; x_wconf 76' lang='lat' dir='ltr'>auguret,</span> <span class='ocrx_word' id='word_1_187' title='bbox 787 2234 819 2283; x_wconf 89' lang='lat' dir='ltr'>de</span> 
     </span>
     <span class='ocr_line' id='line_1_28' title="bbox 71 2309 822 2381; baseline -0.007 -18"><span class='ocrx_word' id='word_1_188' title='bbox 71 2315 142 2381; x_wconf 86' lang='lat' dir='ltr'>plebe</span> <span class='ocrx_word' id='word_1_189' title='bbox 159 2330 255 2377; x_wconf 79' lang='lat' dir='ltr'>omncs,</span> <span class='ocrx_word' id='word_1_190' title='bbox 272 2314 449 2376; x_wconf 85' lang='lat' dir='ltr'>adlegerentur.</span> <span class='ocrx_word' id='word_1_191' title='bbox 484 2309 699 2373; x_wconf 76' lang='lat' dir='ltr'>Quemadmodum</span> <span class='ocrx_word' id='word_1_192' title='bbox 713 2310 745 2359; x_wconf 88' lang='lat' dir='ltr'>ad</span> <span class='ocrx_word' id='word_1_193' title='bbox 761 2324 822 2374; x_wconf 87' lang='lat' dir='ltr'>qua.</span> 
     </span>
     <span class='ocr_line' id='line_1_29' title="bbox 72 2384 828 2456; baseline -0.003 -15"><span class='ocrx_word' id='word_1_194' title='bbox 72 2403 129 2442; x_wconf 88' lang='lat' dir='ltr'>tuor</span> <span class='ocrx_word' id='word_1_195' title='bbox 140 2406 264 2456; x_wconf 84' lang='lat' dir='ltr'>augurum</span> <span class='ocrx_word' id='word_1_196' title='bbox 276 2404 416 2451; x_wconf 87' lang='lat' dir='ltr'>numerum,</span> <span class='ocrx_word' id='word_1_197' title='bbox 433 2384 476 2437; x_wconf 77' lang='lat' dir='ltr'>nisi</span> <span class='ocrx_word' id='word_1_198' title='bbox 487 2398 569 2438; x_wconf 84' lang='lat' dir='ltr'>morte</span> <span class='ocrx_word' id='word_1_199' title='bbox 580 2386 694 2451; x_wconf 86' lang='lat' dir='ltr'>duorum,</span> <span class='ocrx_word' id='word_1_200' title='bbox 703 2388 728 2437; x_wconf 90' lang='lat' dir='ltr'>id</span> <span class='ocrx_word' id='word_1_201' title='bbox 738 2387 828 2450; x_wconf 85' lang='lat' dir='ltr'>redigi.</span> 
     </span>
     <span class='ocr_line' id='line_1_30' title="bbox 70 2465 828 2535; baseline -0.009 -15"><span class='ocrx_word' id='word_1_202' title='bbox 70 2471 204 2535; x_wconf 85' lang='lat' dir='ltr'>collegium</span> <span class='ocrx_word' id='word_1_203' title='bbox 217 2470 336 2535; x_wconf 89' lang='lat' dir='ltr'>potuerit,</span> <span class='ocrx_word' id='word_1_204' title='bbox 352 2482 404 2517; x_wconf 87' lang='lat' dir='ltr'>non</span> <span class='ocrx_word' id='word_1_205' title='bbox 415 2465 535 2525; x_wconf 85' lang='lat' dir='ltr'>inveni0;</span> <span class='ocrx_word' id='word_1_206' title='bbox 552 2476 628 2529; x_wconf 85' lang='lat' dir='ltr'>quum</span> <span class='ocrx_word' id='word_1_207' title='bbox 640 2466 703 2516; x_wconf 87' lang='lat' dir='ltr'>inter</span> <span class='ocrx_word' id='word_1_208' title='bbox 714 2479 828 2529; x_wconf 71' lang='lat' dir='ltr'>augme:</span> 
     </span>
     <span class='ocr_line' id='line_1_31' title="bbox 71 2540 835 2611; baseline -0.003 -16"><span class='ocrx_word' id='word_1_209' title='bbox 71 2547 174 2608; x_wconf 84' lang='lat' dir='ltr'>constet,</span> <span class='ocrx_word' id='word_1_210' title='bbox 191 2547 310 2611; x_wconf 84' lang='lat' dir='ltr'>imparem</span> <span class='ocrx_word' id='word_1_211' title='bbox 330 2555 459 2593; x_wconf 82' lang='lat' dir='ltr'>numerum</span> <span class='ocrx_word' id='word_1_212' title='bbox 476 2540 566 2593; x_wconf 80' lang='lat' dir='ltr'>debere</span> <span class='ocrx_word' id='word_1_213' title='bbox 577 2540 633 2603; x_wconf 87' lang='lat' dir='ltr'>esse,</span> <span class='ocrx_word' id='word_1_214' title='bbox 649 2552 678 2593; x_wconf 88' lang='lat' dir='ltr'>ut</span> <span class='ocrx_word' id='word_1_215' title='bbox 694 2543 835 2606; x_wconf 29' lang='lat' dir='ltr'>uetanti-:-</span> 
     </span>
     <span class='ocr_line' id='line_1_32' title="bbox 72 2618 828 2689; baseline -0.005 -16"><span class='ocrx_word' id='word_1_216' title='bbox 72 2640 126 2689; x_wconf 82' lang='lat' dir='ltr'>quae</span> <span class='ocrx_word' id='word_1_217' title='bbox 144 2624 233 2685; x_wconf 85' lang='lat' dir='ltr'>tribus,</span> <span class='ocrx_word' id='word_1_218' title='bbox 250 2628 366 2682; x_wconf 83' lang='lat' dir='ltr'>Ramnes,</span> <span class='ocrx_word' id='word_1_219' title='bbox 385 2618 516 2682; x_wconf 77' lang='lat' dir='ltr'>Titienses,</span> <span class='ocrx_word' id='word_1_220' title='bbox 535 2621 650 2682; x_wconf 81' lang='lat' dir='ltr'>Lueerot,</span> <span class='ocrx_word' id='word_1_221' title='bbox 665 2618 736 2669; x_wconf 90' lang='lat' dir='ltr'>suum</span> <span class='ocrx_word' id='word_1_222' title='bbox 755 2635 828 2684; x_wconf 65' lang='lat' dir='ltr'>quaes·</span> 
     </span>
     <span class='ocr_line' id='line_1_33' title="bbox 71 2694 820 2765; baseline -0.005 -16"><span class='ocrx_word' id='word_1_223' title='bbox 71 2716 117 2765; x_wconf 92' lang='lat' dir='ltr'>quc</span> <span class='ocrx_word' id='word_1_224' title='bbox 126 2715 247 2764; x_wconf 88' lang='lat' dir='ltr'>augurem</span> <span class='ocrx_word' id='word_1_225' title='bbox 264 2700 389 2757; x_wconf 86' lang='lat' dir='ltr'>habeant;</span> <span class='ocrx_word' id='word_1_226' title='bbox 405 2703 456 2759; x_wconf 85' lang='lat' dir='ltr'>aut,</span> <span class='ocrx_word' id='word_1_227' title='bbox 474 2696 489 2745; x_wconf 77' lang='lat' dir='ltr'>si</span> <span class='ocrx_word' id='word_1_228' title='bbox 503 2695 615 2762; x_wconf 78' lang='lat' dir='ltr'>pluribus</span> <span class='ocrx_word' id='word_1_229' title='bbox 630 2694 659 2745; x_wconf 82' lang='lat' dir='ltr'>fit</span> <span class='ocrx_word' id='word_1_230' title='bbox 675 2712 746 2762; x_wconf 74' lang='lat' dir='ltr'>opus,</span> <span class='ocrx_word' id='word_1_231' title='bbox 763 2697 820 2761; x_wconf 87' lang='lat' dir='ltr'>pari</span> 
     </span>
     <span class='ocr_line' id='line_1_34' title="bbox 72 2774 821 2842; baseline -0.005 -16"><span class='ocrx_word' id='word_1_232' title='bbox 72 2779 136 2827; x_wconf 89' lang='lat' dir='ltr'>inter</span> <span class='ocrx_word' id='word_1_233' title='bbox 152 2778 177 2827; x_wconf 90' lang='lat' dir='ltr'>se</span> <span class='ocrx_word' id='word_1_234' title='bbox 195 2786 302 2827; x_wconf 88' lang='lat' dir='ltr'>numero</span> <span class='ocrx_word' id='word_1_235' title='bbox 317 2774 452 2824; x_wconf 81' lang='lat' dir='ltr'>sacerdotes</span> <span class='ocrx_word' id='word_1_236' title='bbox 462 2775 626 2842; x_wconf 82' lang='lat' dir='ltr'>multiplicent</span> <span class='ocrx_word' id='word_1_237' title='bbox 635 2780 645 2822; x_wconf 81' lang='lat' dir='ltr'>i</span> <span class='ocrx_word' id='word_1_238' title='bbox 659 2774 719 2823; x_wconf 82' lang='lat' dir='ltr'>ficut</span> <span class='ocrx_word' id='word_1_239' title='bbox 736 2774 821 2823; x_wconf 59' lang='lat' dir='ltr'>multi*</span> 
     </span>
     <span class='ocr_line' id='line_1_35' title="bbox 71 2850 822 2921; baseline -0.011 -17"><span class='ocrx_word' id='word_1_240' title='bbox 71 2856 154 2921; x_wconf 89' lang='lat' dir='ltr'>plicati</span> <span class='ocrx_word' id='word_1_241' title='bbox 166 2854 231 2915; x_wconf 87' lang='lat' dir='ltr'>sunt,</span> <span class='ocrx_word' id='word_1_242' title='bbox 248 2867 327 2919; x_wconf 90' lang='lat' dir='ltr'>quum</span> <span class='ocrx_word' id='word_1_243' title='bbox 336 2850 367 2899; x_wconf 85' lang='lat' dir='ltr'>ad</span> <span class='ocrx_word' id='word_1_244' title='bbox 383 2862 489 2916; x_wconf 85' lang='lat' dir='ltr'>quatuor</span> <span class='ocrx_word' id='word_1_245' title='bbox 505 2851 615 2915; x_wconf 88' lang='lat' dir='ltr'>quinque</span> <span class='ocrx_word' id='word_1_246' title='bbox 629 2850 716 2912; x_wconf 74' lang='lat' dir='ltr'>adjcfti</span> <span class='ocrx_word' id='word_1_247' title='bbox 725 2864 822 2899; x_wconf 86' lang='lat' dir='ltr'>novem</span> 
     </span>
     <span class='ocr_line' id='line_1_36' title="bbox 70 2925 821 2993; baseline -0.007 -14"><span class='ocrx_word' id='word_1_248' title='bbox 70 2946 209 2993; x_wconf 81' lang='lat' dir='ltr'>numerum,</span> <span class='ocrx_word' id='word_1_249' title='bbox 219 2940 247 2978; x_wconf 90' lang='lat' dir='ltr'>ut</span> <span class='ocrx_word' id='word_1_250' title='bbox 258 2927 322 2977; x_wconf 86' lang='lat' dir='ltr'>terni</span> <span class='ocrx_word' id='word_1_251' title='bbox 334 2926 360 2974; x_wconf 88' lang='lat' dir='ltr'>in</span> <span class='ocrx_word' id='word_1_252' title='bbox 371 2925 472 2990; x_wconf 82' lang='lat' dir='ltr'>singulas</span> <span class='ocrx_word' id='word_1_253' title='bbox 484 2929 567 2991; x_wconf 84' lang='lat' dir='ltr'>essent,</span> <span class='ocrx_word' id='word_1_254' title='bbox 574 2928 747 2993; x_wconf 83' lang='lat' dir='ltr'>expleverunt.</span> <span class='ocrx_word' id='word_1_255' title='bbox 769 2930 821 2975; x_wconf 83' lang='lat' dir='ltr'>ce·</span> 
     </span>
     <span class='ocr_line' id='line_1_37' title="bbox 70 3002 821 3078; baseline -0.004 -20"><span class='ocrx_word' id='word_1_256' title='bbox 70 3014 160 3078; x_wconf 81' lang='lat' dir='ltr'>terum,</span> <span class='ocrx_word' id='word_1_257' title='bbox 174 3004 282 3077; x_wconf 80' lang='lat' dir='ltr'>quiade</span> <span class='ocrx_word' id='word_1_258' title='bbox 293 3003 364 3074; x_wconf 83' lang='lat' dir='ltr'>plebe</span> <span class='ocrx_word' id='word_1_259' title='bbox 374 3002 558 3072; x_wconf 62' lang='lat' dir='ltr'>adlegebfmmc,</span> <span class='ocrx_word' id='word_1_260' title='bbox 572 3004 647 3072; x_wconf 78' lang='lat' dir='ltr'>juxta</span> <span class='ocrx_word' id='word_1_261' title='bbox 658 3015 714 3057; x_wconf 83' lang='lat' dir='ltr'>eam</span> <span class='ocrx_word' id='word_1_262' title='bbox 728 3018 821 3056; x_wconf 57' lang='lat' dir='ltr'>rema</span> 
     </span>
    </p>

    <p class='ocr_par' dir='ltr' id='par_1_4' title="bbox 710 3090 820 3143">
     <span class='ocr_line' id='line_1_38' title="bbox 710 3090 820 3143; baseline 0.027 -21"><span class='ocrx_word' id='word_1_263' title='bbox 710 3119 714 3122; x_wconf 83' lang='lat'><em>.</em></span> <span class='ocrx_word' id='word_1_264' title='bbox 772 3090 820 3143; x_wconf 85' lang='lat' dir='ltr'>gre</span> 
     </span>
    </p>
   </div>
   <div class='ocr_carea' id='block_1_3' title="bbox 0 0 1004 3709">
    <p class='ocr_par' dir='ltr' id='par_1_5' title="bbox 0 0 1004 3709">
     <span class='ocr_line' id='line_1_39' title="bbox 0 0 1004 3709; baseline 0 1"><span class='ocrx_word' id='word_1_265' title='bbox 0 0 1004 3709; x_wconf 95' lang='lat' dir='ltr'> </span> 
     </span>
    </p>
   </div>
  </div>
 </body>
</html>
