2000 3709
269 255 440 328 nrnnn
472 273 575 327 xxiv.
748 273 803 338 ue

57 359 157 415 iroliibus
167 363 241 416 effet:
258 367 283 416 ἃ
296 368 322 416 in
337 367 388 417 dies
403 367 485 430 major
496 367 612 416 omnibus
626 363 707 434 portic
715 365 801 416 multl-

60 443 113 492 tudo
124 444 228 494 effundi.
249 446 370 511 postremd
382 447 400 494 ii
418 445 494 494 modo
510 443 588 493 relidi
602 445 627 493 in
643 441 706 493 urbe
723 453 804 509 erant,

59 521 95 584 qni
103 519 206 570 reficere
214 535 299 570 muros
313 539 342 571 ac
359 531 451 588 portas,
469 520 566 584 telaque
582 521 607 569 in
616 521 805 586 propugnacula

59 607 185 660 congerere
206 598 367 662 cogebantur.
403 600 433 646 ln
452 597 603 664 permixtam
617 597 730 646 omnium
748 606 805 646 zta-

58 672 112 721 tium
123 674 292 742 ordinumque
302 673 493 733 multitudinem,
513 673 538 721 ἃ
549 682 684 737 vagantem
699 673 726 722 in
738 673 806 738 agria

56 761 139 812 magna
151 763 273 818 exparte
289 753 417 814 inermem,
435 750 562 799 Hamilcar
571 751 658 799 Poenns
667 751 761 815 equites
777 764 804 799 e·

57 825 129 887 misrt;
144 830 200 893 qui,
218 828 314 878 violare
326 843 474 894 quemquam
493 827 577 889 vetiti,
595 831 702 891 tanturn,
718 837 748 876 ut
758 839 804 877 ex·

57 902 179 964 eluderent
198 905 233 955 ab
248 905 311 956 urbe
330 905 390 974 suga
412 903 545 971 dillipatoc,
569 913 663 952 turmae
679 902 806 968 objecere.

56 982 113 1030 Dux
121 981 184 1050 ipse,
199 984 258 1034 loco
268 985 395 1052 superiore
406 993 489 1052 capto,
507 981 574 1032 unde
585 997 657 1046 agros
669 983 806 1050 urbemque

57 1057 128 1123 pollet
139 1062 292 1130 conspicere,
311 1063 465 1112 Bruttiorum
483 1063 613 1113 cohortem
629 1061 698 1111 adire
709 1076 805 1127 muros,

56 1140 127 1201 atque
145 1155 253 1191 evocare
273 1141 396 1208 principes
416 1139 576 1191 Locrensium
593 1138 626 1190 ad
650 1141 805 1206 colloquium

58 1213 125 1278 justit,
142 1217 176 1282 dr,
194 1219 342 1286 pollicentes
357 1217 494 1268 amicitiam
506 1216 661 1281 Hannibalis,
677 1217 806 1268 adhortari

58 1289 86 1339 ad
97 1294 182 1344 urbem
194 1295 349 1346 tradendam.
383 1295 484 1358 Bruttiis
498 1295 525 1344 in
534 1294 663 1362 colloquio
671 1296 760 1345 nullius
769 1296 807 1348 rei

58 1369 132 1432 primo
140 1371 201 1423 fides
211 1374 260 1423 eli:
277 1373 365 1424 deinde
376 1383 404 1423 ut
416 1375 504 1424 Poenus
520 1375 638 1440 apparuit
653 1374 679 1423 io
693 1373 807 1436 collibus,

59 1444 238 1515 &resugientes
249 1452 322 1520 pauci
335 1453 408 1502 aliam
420 1465 520 1501 omnem
531 1450 716 1501 multitudinem
729 1452 754 1501 in
764 1466 808 1517 po·

58 1523 136 1576 testate
153 1529 263 1580 hostiurn
279 1527 326 1578 elle
336 1528 490 1590 afferebant3
505 1539 568 1593 tum,
580 1540 649 1578 metu
658 1529 728 1593 vieti,
745 1543 807 1587 con·

59 1597 159 1656 lulturoa
178 1605 204 1655 se
223 1605 344 1674 populum
364 1604 552 1672 responderunt.
570 1604 743 1673 advocatique
760 1619 808 1657 ex·

59 1679 148 1746 templo
163 1683 297 1745 concione,
314 1696 390 1748 quum
407 1682 433 1732 dc
450 1680 585 1731 levirumue
601 1683 705 1748 quisque
726 1695 809 1734 norat

59 1769 92 1804 res
107 1772 252 1826 novamque
275 1759 419 1812 societatem
438 1759 549 1824 mallent,
567 1757 601 1824 dt,
618 1776 725 1826 quorum
744 1768 806 1828 pro·

61 1835 142 1900 pinqui
150 1849 224 1890 extra
235 1837 322 1889 urbem
334 1837 457 1889 interclufi
470 1836 504 1887 ab
518 1835 628 1888 hostibus
640 1849 717 1901 erant,
733 1839 808 1888 velut

61 1909 179 1966 obfidibua
187 1916 261 1979 datie,
273 1917 416 1984 pigneratos
425 1914 544 1986 haberent
552 1914 657 1975 animos,
668 1916 742 1982 pauci
753 1929 808 1966 tna·

61 1990 94 2052 gis
103 1993 172 2044 taciti
185 1995 321 2061 probarent
333 1994 484 2044 conflantem
493 1991 577 2056 fidem,
594 1997 668 2058 quam
678 1991 810 2058 probatam
886 2050 892 2056 ,

62 2071 260 2136 tueriauderent3
278 2072 345 2124 haud
356 2072 434 2122 dubio
444 2072 471 2121 in
485 2070 592 2138 speciem
600 2068 719 2120 consensu
733 2068 763 2118 lit
777 2067 815 2142 ad¹

61 2145 141 2200 Poenoe
160 2151 277 2201 deditio:
304 2154 335 2200 L.
356 2151 435 2201 Atilio
450 2148 567 2216 prasetlo
585 2148 696 2216 praesrdii,
714 2149 810 2214 quique

64 2239 153 2279 eumen
170 2229 263 2278 milites
272 2228 380 2280 Romani
394 2237 472 2291 crant,
490 2227 554 2276 clam
569 2225 595 2276 in
613 2236 712 2292 portum
730 2224 808 2277 dedu·

55 2299 110 2374 ¹ilis,
126 2304 368 2372 atqueimpofitisin
382 2317 468 2367 narce,
484 2303 646 2367 utRhegium
656 2302 809 2355 deveheren·
847 2308 857 2315 “

64 2386 108 2443 tur,
123 2382 294 2433 Hamilcarem
310 2380 447 2447 Poenosque
462 2381 491 2430 eb
508 2379 667 2445 conditione,
684 2391 713 2431 ut
731 2381 810 2434 soem

66 2461 188 2528 extemplo
206 2461 282 2526 aquia
296 2460 393 2525 legibue
408 2459 487 2522 lieret,
505 2459 531 2508 in
545 2458 633 2508 urbem
650 2471 809 2528 acceperunt.

66 2535 128 2598 cujus
137 2539 173 2588 rei
183 2541 262 2605 prope
271 2553 322 2588 non
337 2535 434 2588 servata
445 2535 507 2586 fider
515 2536 652 2603 deditioell,
669 2555 745 2604 quum
754 2541 810 2591 1²oe-

67 2624 107 2662 nus
126 2615 187 2666 dolo
207 2617 330 2667 dimissum
350 2619 492 2667 Romanum
513 2615 649 2680 incusaret;
673 2619 810 2672 Locrenses

68 2691 288 2763 profugiffejpsum
303 2695 469 2746 causarentur.
503 2694 610 2746 Insecuti
626 2697 702 2748 etiam
716 2698 812 2764 equitet

68 2764 126 2833 lunt,
142 2769 222 2836 siquo
236 2769 295 2822 casu
305 2773 331 2822 in
342 2772 407 2823 freto
416 2772 593 2836 aestmmorari,
609 2783 652 2825 aut
663 2775 756 2826 deferre
765 2791 811 2825 na-

70 2857 109 2896 rce
123 2848 150 2898 in
166 2859 257 2900 terram
269 2849 356 2918 pollet.
374 2852 400 2901 ἃ
416 2865 459 2902 eos
470 2850 580 2918 quidem,
596 2868 659 2918 qnos
676 2853 811 2919 sequeban-

70 2930 112 2986 tur,
128 2941 181 2977 non
190 2927 246 2977 sunt
257 2925 354 2996 adepti:
372 2927 431 2980 alias
442 2928 578 2979 aMelsana
589 2930 737 2994 trajicientes
745 2928 815 2979 sreto

73 3000 188 3068 Rhegium
199 3019 276 3055 naves
287 3003 478 3074 conspexerunt.
505 3007 599 3057 Milites
613 3017 683 3066 erant
695 3007 818 3073 Romani,

72 3077 198 3138 tenone
212 3091 318 3153 pretore
331 3081 443 3144 minat
459 3082 620 3140 obtinendem
629 3082 717 3140 urbem
730 3079 840 3213 prist-'³

437 3173 444 3186 .
784 3174 812 3223 ⁰³
