2000 3709
323 208 349 258 L·
364 209 414 258 1⁴B
431 208 457 257 E·
470 209 494 257 R
527 209 575 259 tx.
801 218 837 267 ῃ

75 295 169 353 fotibus
177 306 252 348 erant
270 298 298 347 in
308 299 361 349 aede
372 300 446 363 Joris
458 298 534 362 vesci,
552 298 621 364 quod
635 299 755 353 traditum
765 300 832 350 anti-

76 376 156 439 quitus
168 388 232 441 erat,
251 392 316 440 aegre
333 376 400 442 pasti,
419 376 504 425 Tibur
520 393 572 426 uno
589 379 689 441 agmine
702 379 831 427 abierunt:

76 450 180 503 adeout
191 470 269 503 nemo
282 456 309 503 in
328 455 392 503 urbe
404 451 463 501 eiset
482 456 526 519 qui
544 454 669 505 sacrificiis
680 458 834 522 praecineret.

78 530 138 592 Ejus
150 532 185 580 rei
196 532 288 595 religio
302 532 382 581 tenuit
395 528 523 591 senatum
539 532 681 597 legatosque
694 533 777 583 Tibur
787 532 834 582 mi·

78 606 167 669 serunt,
183 625 215 658 ur
227 609 316 659 darent
328 624 441 677 operam,
458 620 486 656 ut
498 610 524 657 hi
539 610 651 659 homines
662 611 783 663 Romanis
793 625 834 659 re·

78 686 247 735 stituerentur.
266 687 406 748 Tiburtini,
424 687 529 751 benigne
540 688 654 754 polliciti,
671 690 780 754 primum
793 704 834 738 ac·

78 764 141 813 citos
151 780 196 816 eos
206 765 237 815 in
249 766 344 817 curiam
354 765 449 815 hortati
462 762 525 827 sunt,
543 767 581 814 uti
593 778 773 817 reverterentur
784 770 835 817 Ro·

77 857 160 891 mam:
184 844 318 909 postquam
340 843 444 910 perpelli
464 844 609 908 nequibant,
631 845 743 909 romilio,
766 844 835 895 haud

78 919 229 970 abhorrente
249 920 282 967 ab
302 920 409 983 ingeniis
429 918 567 979 hominum,
584 936 628 970 eos
644 923 833 985 aggrediuntur.

78 995 125 1047 Die
137 995 201 1044 sesto
220 994 264 1043 alii
281 996 343 1045 alios
355 1012 400 1060 per
420 994 527 1061 speciem
538 996 739 1047 celebrandarum
756 1008 834 1047 cantu

76 1073 205 1138 epularum
226 1074 300 1121 carisi
318 1072 441 1133 invitant,
455 1072 480 1121 &
492 1073 563 1135 vino,
580 1074 650 1137 cujus
668 1074 771 1123 avidum
782 1073 833 1121 fer-

77 1165 116 1205 me
129 1152 206 1213 genus
224 1150 266 1211 est,
283 1160 400 1199 oneratos
412 1147 529 1215 sopiunt:
547 1160 622 1214 atque
633 1151 668 1199 ita
686 1152 713 1199 in
728 1150 837 1216 plaustra

80 1223 168 1277 [omno
179 1224 278 1283 vinfios
297 1224 444 1289 conjiciunt,
462 1240 491 1287 ae
503 1228 610 1274 Romam
621 1226 762 1291 deportant.
786 1240 842 1281 net:¹

80 1302 147 1367 priiu
166 1300 270 1364 sensere,
288 1308 370 1368 quirin,
388 1302 498 1368 plaustris
516 1302 542 1351 in
561 1301 618 1351 soro
630 1301 730 1364 ιιιιὶἰξὶίς,
746 1303 835 1369 plenos

80 1378 185 1443 crapulae
196 1395 240 1439 eos
249 1380 297 1433 iux
308 1378 435 1445 oppreffit.
470 1382 496 1427 T
497 1394 545 1427 unc
557 1377 690 1429 concursus
701 1379 787 1446 populi
795 1377 835 1428 sa·

80 1456 139 1517 tius,
155 1458 352 1523 impetratoque,
368 1467 397 1505 ut
413 1467 548 1519 manerent,
567 1457 661 1518 datum,
679 1466 707 1505 ut
724 1457 834 1507 triduum

81 1535 213 1599 quotannis
226 1536 317 1595 ornati,
328 1550 393 1583 ¹curn
405 1545 479 1583 cantu
494 1545 569 1599 atque
581 1535 636 1596 hac,
654 1550 708 1599 quae
720 1550 785 1583 nunc
797 1534 835 1584 so·

80 1613 158 1665 lenuis
170 1612 212 1674 est,
230 1612 330 1673 licentia
341 1628 386 1677 per
397 1612 485 1663 urbem
497 1624 665 1676 vagarentur:
682 1613 834 1668 restitutum-

81 1691 173 1755 quein
191 1690 242 1738 aede
259 1689 374 1739 vescendi
393 1688 434 1751 jus
453 1691 490 1751 iis,
511 1692 555 1755 qui
570 1691 643 1741 sacris
658 1693 839 1758 praecinerent.

81 1771 140 1819 Haec
152 1768 218 1817 inter
236 1766 344 1829 duorum
361 1767 500 1831 ingentium
518 1766 641 1831 bellorum
657 1785 743 1821 curam
761 1785 832 1835 gere·

81 1844 183 1895 bantur.
637 1904 642 1910 ¹

115 1920 216 1969 XXXI.
236 1918 355 1969 Consules
366 1920 432 1969 inter
443 1919 467 1975 se
478 1922 622 1988 provincias
638 1921 738 1988 partiti3
755 1924 836 1987 Junio

81 1998 209 2060 Samnites,
227 1998 330 2047 AEmilio
347 2012 445 2047 novum
458 1998 551 2049 bellum
563 2001 660 2049 Etruria
677 1997 743 2049 sorte
754 2000 835 2049 obve-

81 2077 127 2125 nit.
163 2079 194 2125 In
205 2076 305 2127 Samnio
320 2076 445 2136 Cluviam,
462 2076 600 2143 praesrdium
612 2076 762 2139 Romanum,
774 2080 835 2145 quia

81 2154 230 2218 nequiverat
250 2153 283 2211 vi.
293 2152 360 2219 capi,
376 2150 497 2203 obsessum
514 2153 581 2216 same
592 2155 618 2202 in
629 2152 780 2219 deditionem
790 2173 834 2205 ac·

81 2240 199 2296 ceperant
213 2230 354 2293 Samnites„
367 2228 562 2295 uerberibusque
578 2229 671 2279 soedum
688 2231 715 2281 in
730 2232 835 2283 modum

81 2307 203 2357 laceratos
215 2305 357 2369 occiderant
369 2304 474 2357 deditos.
509 2308 575 2355 Huic
587 2305 694 2358 infensus
705 2308 835 2359 crudelita-

81 2385 211 2447 tiJunius,
226 2382 289 2431 nihil
302 2384 427 2449 ¹antiquius
445 2384 634 2451 oppugnatione
653 2385 775 2451 Cluuiano
792 2402 833 2436 ra-

80 2470 128 2526 tus,
146 2475 198 2525 quo
216 2458 256 2509 die
272 2458 395 2529 aggressus
412 2460 445 2511 est
462 2463 560 2522 monia,
578 2461 606 2509 vi
624 2462 788 2526 cepitntque
803 2478 835 2513 ο·
878 2462 885 2468 “

80 2552 151 2587 mnes
162 2537 266 2605 puberes
277 2534 412 2586 interfecit.
446 2536 508 2591 Inde
524 2537 605 2587 viiior
622 2540 746 2608 exercitus
755 2541 835 2590 Bovi-

80 2628 157 2684 anum
176 2612 270 2665 duetus.
290 2622 365 2679 caput
384 2614 433 2665 hoc
451 2624 504 2665 erat
518 2605 670 2685 Pentrorum·
677 2618 837 2685 Samnitium,

81 2693 154 2757 longe
166 2690 309 2743 ditiffimum
321 2700 397 2756 atque.
411 2692 619 2765 opulentiiiimum
630 2682 704 2743 arm'n
712 2685 834 2765 uirisque.

81 2772 123 2822 lbi
135 2774 193 2837 quia
205 2769 272 2821 haud
292 2779 394 2823 tantum¹
409 2772 573 2841 insumeret,
590 2770 631 2837 spe
641 2772 729 2840 praedae
740 2774 836 2844 milites¹

79 2848 182 2917 neceni
200 2846 295 2915 oppido
316 2847 456 2915 potiuntur.
472 2850 555 2904 minus
574 2850 658 2914 itaque
675 2848 788 2902 saevitum
805 2850 836 2902 in

80 2924 161 2978 hostes
178 2926 225 2975 est:
245 2922 333 2991 przdae
345 2924 400 2991 plus
419 2932 488 2993 pene,
506 2932 630 2992 quanter¹
644 2928 714 2993 omni
733 2928 837 2984 Samnio

79 3016 199 3075 unquam,
217 3004 337 3077 ‘gestumr
354 3002 512 3079 buissir-
529 3005 840 3079 omnitufflticsuefln

88 3138 95 3169 i
