<?xml version="1.0" encoding="UTF-8"?>
<!DOCTYPE html PUBLIC "-//W3C//DTD XHTML 1.0 Transitional//EN"
    "http://www.w3.org/TR/xhtml1/DTD/xhtml1-transitional.dtd">
<html xmlns="http://www.w3.org/1999/xhtml" xml:lang="en" lang="en">
 <head>
  <title>
</title>
<meta http-equiv="Content-Type" content="text/html;charset=utf-8" />
  <meta name='ocr-system' content='tesseract 3.04.00' />
  <meta name='ocr-capabilities' content='ocr_page ocr_carea ocr_par ocr_line ocrx_word'/>
</head>
<body>
  <div class='ocr_page' id='page_1' title='image "./titiliviipatavi01ruddgoog_0145.png"; bbox 0 0 2000 3709; ppageno 0'>
   <div class='ocr_carea' id='block_1_1' title="bbox 314 265 835 331">
    <p class='ocr_par' dir='ltr' id='par_1_1' title="bbox 314 265 835 331">
     <span class='ocr_line' id='line_1_1' title="bbox 314 265 835 331; baseline -0.004 -13"><span class='ocrx_word' id='word_1_1' title='bbox 314 265 405 318; x_wconf 67' lang='lat'>11113</span> <span class='ocrx_word' id='word_1_2' title='bbox 424 266 447 316; x_wconf 86' lang='lat' dir='ltr'><strong>E</strong></span> <span class='ocrx_word' id='word_1_3' title='bbox 464 267 488 316; x_wconf 88' lang='lat' dir='ltr'>tt</span> <span class='ocrx_word' id='word_1_4' title='bbox 521 266 596 316; x_wconf 81' lang='lat' dir='ltr'>XXI.</span> <span class='ocrx_word' id='word_1_5' title='bbox 784 279 835 331; x_wconf 78' lang='lat'>¹³7</span> 
     </span>
    </p>
   </div>
   <div class='ocr_carea' id='block_1_2' title="bbox 68 347 909 3209">
    <p class='ocr_par' dir='ltr' id='par_1_2' title="bbox 68 347 909 3209">
     <span class='ocr_line' id='line_1_2' title="bbox 70 347 835 425; baseline 0.001 -21"><span class='ocrx_word' id='word_1_6' title='bbox 70 353 197 422; x_wconf 78' lang='lat' dir='ltr'>ginienfiam</span> <span class='ocrx_word' id='word_1_7' title='bbox 207 355 313 422; x_wconf 65' lang='lat' dir='ltr'>sublati</span> <span class='ocrx_word' id='word_1_8' title='bbox 327 347 450 425; x_wconf 63' lang='lat' dir='ltr'>praeponat.</span> <span class='ocrx_word' id='word_1_9' title='bbox 485 359 554 406; x_wconf 86' lang='lat' dir='ltr'>Dum</span> <span class='ocrx_word' id='word_1_10' title='bbox 566 357 674 406; x_wconf 79' lang='lat' dir='ltr'>Rotnani</span> <span class='ocrx_word' id='word_1_11' title='bbox 689 365 787 424; x_wconf 81' lang='lat' dir='ltr'>ternpus</span> <span class='ocrx_word' id='word_1_12' title='bbox 798 366 835 405; x_wconf 91' lang='lat' dir='ltr'>te·</span> 
     </span>
     <span class='ocr_line' id='line_1_3' title="bbox 75 434 836 502; baseline 0.003 -20"><span class='ocrx_word' id='word_1_13' title='bbox 75 447 130 484; x_wconf 88' lang='lat' dir='ltr'>runt</span> <span class='ocrx_word' id='word_1_14' title='bbox 141 437 317 500; x_wconf 74' lang='lat' dir='ltr'>legationibus</span> <span class='ocrx_word' id='word_1_15' title='bbox 328 437 466 499; x_wconf 82' lang='lat' dir='ltr'>mittendis,</span> <span class='ocrx_word' id='word_1_16' title='bbox 479 436 611 501; x_wconf 77' lang='lat' dir='ltr'><strong>Hannibal,</strong></span> <span class='ocrx_word' id='word_1_17' title='bbox 623 438 680 502; x_wconf 82' lang='lat' dir='ltr'>quia</span> <span class='ocrx_word' id='word_1_18' title='bbox 691 435 779 486; x_wconf 77' lang='lat' dir='ltr'>sessum</span> <span class='ocrx_word' id='word_1_19' title='bbox 789 434 836 484; x_wconf 82' lang='lat' dir='ltr'>rui·</span> 
     </span>
     <span class='ocr_line' id='line_1_4' title="bbox 73 510 836 582; baseline 0.004 -23"><span class='ocrx_word' id='word_1_20' title='bbox 73 510 141 561; x_wconf 85' lang='lat' dir='ltr'>litem</span> <span class='ocrx_word' id='word_1_21' title='bbox 155 515 253 580; x_wconf 82' lang='lat' dir='ltr'>proeliis</span> <span class='ocrx_word' id='word_1_22' title='bbox 269 515 437 582; x_wconf 82' lang='lat' dir='ltr'>operibusque</span> <span class='ocrx_word' id='word_1_23' title='bbox 454 515 569 578; x_wconf 85' lang='lat' dir='ltr'>habebat,</span> <span class='ocrx_word' id='word_1_24' title='bbox 586 531 724 582; x_wconf 87' lang='lat' dir='ltr'>paucorum</span> <span class='ocrx_word' id='word_1_25' title='bbox 741 516 770 564; x_wconf 80' lang='lat' dir='ltr'>iis</span> <span class='ocrx_word' id='word_1_26' title='bbox 781 514 836 564; x_wconf 82' lang='lat' dir='ltr'>die·</span> 
     </span>
     <span class='ocr_line' id='line_1_5' title="bbox 73 593 836 658; baseline 0.004 -19"><span class='ocrx_word' id='word_1_27' title='bbox 73 605 128 640; x_wconf 85' lang='lat' dir='ltr'>rum</span> <span class='ocrx_word' id='word_1_28' title='bbox 140 593 259 658; x_wconf 87' lang='lat' dir='ltr'>quietern</span> <span class='ocrx_word' id='word_1_29' title='bbox 271 593 349 657; x_wconf 84' lang='lat' dir='ltr'><strong>dedit,</strong></span> <span class='ocrx_word' id='word_1_30' title='bbox 361 593 509 644; x_wconf 78' lang='lat' dir='ltr'>stationibus</span> <span class='ocrx_word' id='word_1_31' title='bbox 518 594 550 643; x_wconf 89' lang='lat' dir='ltr'>ad</span> <span class='ocrx_word' id='word_1_32' title='bbox 561 594 697 644; x_wconf 85' lang='lat' dir='ltr'>cusiodiam</span> <span class='ocrx_word' id='word_1_33' title='bbox 705 596 836 643; x_wconf 77' lang='lat' dir='ltr'>vinearum</span> 
     </span>
     <span class='ocr_line' id='line_1_6' title="bbox 74 669 836 739; baseline 0.009 -24"><span class='ocrx_word' id='word_1_34' title='bbox 74 669 236 736; x_wconf 88' lang='lat' dir='ltr'>aliorumque</span> <span class='ocrx_word' id='word_1_35' title='bbox 254 687 361 739; x_wconf 88' lang='lat' dir='ltr'>operum</span> <span class='ocrx_word' id='word_1_36' title='bbox 374 671 504 738; x_wconf 80' lang='lat' dir='ltr'>dispostis.</span> <span class='ocrx_word' id='word_1_37' title='bbox 529 673 627 722; x_wconf 81' lang='lat' dir='ltr'>interitu</span> <span class='ocrx_word' id='word_1_38' title='bbox 641 673 739 722; x_wconf 88' lang='lat' dir='ltr'>animos</span> <span class='ocrx_word' id='word_1_39' title='bbox 747 685 836 722; x_wconf 80' lang='lat' dir='ltr'>cotum</span> 
     </span>
     <span class='ocr_line' id='line_1_7' title="bbox 74 749 835 818; baseline 0.003 -22"><span class='ocrx_word' id='word_1_40' title='bbox 74 761 139 798; x_wconf 86' lang='lat' dir='ltr'>nuuc</span> <span class='ocrx_word' id='word_1_41' title='bbox 158 750 197 799; x_wconf 75' lang='lat' dir='ltr'>ira</span> <span class='ocrx_word' id='word_1_42' title='bbox 215 755 243 799; x_wconf 89' lang='lat' dir='ltr'>in</span> <span class='ocrx_word' id='word_1_43' title='bbox 263 751 344 801; x_wconf 87' lang='lat' dir='ltr'>bosles</span> <span class='ocrx_word' id='word_1_44' title='bbox 361 749 517 814; x_wconf 86' lang='lat' dir='ltr'>stimulando,</span> <span class='ocrx_word' id='word_1_45' title='bbox 533 766 601 801; x_wconf 87' lang='lat' dir='ltr'>nunc</span> <span class='ocrx_word' id='word_1_46' title='bbox 617 750 659 818; x_wconf 87' lang='lat' dir='ltr'>spe</span> <span class='ocrx_word' id='word_1_47' title='bbox 674 750 835 818; x_wconf 72' lang='lat' dir='ltr'>premiorum</span> 
     </span>
     <span class='ocr_line' id='line_1_8' title="bbox 72 826 835 894; baseline 0.007 -23"><span class='ocrx_word' id='word_1_48' title='bbox 72 826 197 876; x_wconf 83' lang='lat' dir='ltr'>accendit.</span> <span class='ocrx_word' id='word_1_49' title='bbox 235 831 272 876; x_wconf 90' lang='lat' dir='ltr'>Ut</span> <span class='ocrx_word' id='word_1_50' title='bbox 289 830 354 876; x_wconf 87' lang='lat' dir='ltr'>verb</span> <span class='ocrx_word' id='word_1_51' title='bbox 366 841 413 892; x_wconf 87' lang='lat' dir='ltr'>pro</span> <span class='ocrx_word' id='word_1_52' title='bbox 429 827 548 875; x_wconf 84' lang='lat' dir='ltr'>concione</span> <span class='ocrx_word' id='word_1_53' title='bbox 561 827 666 893; x_wconf 70' lang='lat' dir='ltr'>praedam</span> <span class='ocrx_word' id='word_1_54' title='bbox 677 838 756 894; x_wconf 72' lang='lat' dir='ltr'>capta</span> <span class='ocrx_word' id='word_1_55' title='bbox 766 827 835 876; x_wconf 87' lang='lat' dir='ltr'>urbis</span> 
     </span>
     <span class='ocr_line' id='line_1_9' title="bbox 70 901 834 967; baseline 0.007 -18"><span class='ocrx_word' id='word_1_56' title='bbox 70 901 153 953; x_wconf 78' lang='lat' dir='ltr'>&#39;edixit</span> <span class='ocrx_word' id='word_1_57' title='bbox 170 905 287 954; x_wconf 89' lang='lat' dir='ltr'>miiitum</span> <span class='ocrx_word' id='word_1_58' title='bbox 305 903 370 966; x_wconf 87' lang='lat' dir='ltr'>sore,</span> <span class='ocrx_word' id='word_1_59' title='bbox 387 903 453 952; x_wconf 84' lang='lat' dir='ltr'>adeo</span> <span class='ocrx_word' id='word_1_60' title='bbox 468 903 562 952; x_wconf 73' lang='lat' dir='ltr'>accensa</span> <span class='ocrx_word' id='word_1_61' title='bbox 577 919 664 954; x_wconf 83' lang='lat' dir='ltr'>omnes</span> <span class='ocrx_word' id='word_1_62' title='bbox 680 903 745 967; x_wconf 90' lang='lat' dir='ltr'>sunt,</span> <span class='ocrx_word' id='word_1_63' title='bbox 760 915 799 967; x_wconf 91' lang='lat' dir='ltr'>ut,</span> <span class='ocrx_word' id='word_1_64' title='bbox 815 903 834 954; x_wconf 72' lang='lat' dir='ltr'>fi</span> 
     </span>
     <span class='ocr_line' id='line_1_10' title="bbox 73 979 833 1048; baseline -0.001 -19"><span class='ocrx_word' id='word_1_65' title='bbox 73 982 204 1048; x_wconf 80' lang='lat' dir='ltr'>extemplo</span> <span class='ocrx_word' id='word_1_66' title='bbox 222 981 322 1044; x_wconf 83' lang='lat' dir='ltr'>signum</span> <span class='ocrx_word' id='word_1_67' title='bbox 340 980 426 1030; x_wconf 88' lang='lat' dir='ltr'>datum</span> <span class='ocrx_word' id='word_1_68' title='bbox 439 979 505 1043; x_wconf 87' lang='lat' dir='ltr'>esset,</span> <span class='ocrx_word' id='word_1_69' title='bbox 522 981 588 1030; x_wconf 75' lang='lat' dir='ltr'>nulla</span> <span class='ocrx_word' id='word_1_70' title='bbox 604 983 631 1029; x_wconf 85' lang='lat' dir='ltr'>vi</span> <span class='ocrx_word' id='word_1_71' title='bbox 648 981 722 1030; x_wconf 79' lang='lat' dir='ltr'>ressli</span> <span class='ocrx_word' id='word_1_72' title='bbox 734 981 833 1030; x_wconf 82' lang='lat' dir='ltr'>videre·</span> 
     </span>
     <span class='ocr_line' id='line_1_11' title="bbox 71 1055 833 1124; baseline 0.003 -20"><span class='ocrx_word' id='word_1_73' title='bbox 71 1065 114 1104; x_wconf 88' lang='lat' dir='ltr'>tur</span> <span class='ocrx_word' id='word_1_74' title='bbox 123 1055 206 1124; x_wconf 81' lang='lat' dir='ltr'>posse.</span> <span class='ocrx_word' id='word_1_75' title='bbox 245 1057 376 1121; x_wconf 82' lang='lat' dir='ltr'>Saguntini</span> <span class='ocrx_word' id='word_1_76' title='bbox 388 1066 417 1104; x_wconf 88' lang='lat' dir='ltr'>ut</span> <span class='ocrx_word' id='word_1_77' title='bbox 433 1062 449 1106; x_wconf 78' lang='lat' dir='ltr'>a</span> <span class='ocrx_word' id='word_1_78' title='bbox 466 1057 557 1123; x_wconf 73' lang='lat' dir='ltr'>praeliis</span> <span class='ocrx_word' id='word_1_79' title='bbox 567 1058 676 1123; x_wconf 84' lang='lat' dir='ltr'>quietem</span> <span class='ocrx_word' id='word_1_80' title='bbox 687 1058 833 1120; x_wconf 79' lang='lat' dir='ltr'>habuerant,</span> 
     </span>
     <span class='ocr_line' id='line_1_12' title="bbox 70 1134 833 1201; baseline 0.005 -18"><span class='ocrx_word' id='word_1_81' title='bbox 70 1137 118 1183; x_wconf 85' lang='lat' dir='ltr'>n&#39;ec</span> <span class='ocrx_word' id='word_1_82' title='bbox 129 1135 286 1198; x_wconf 76' lang='lat' dir='ltr'>lacessentes,</span> <span class='ocrx_word' id='word_1_83' title='bbox 305 1149 351 1184; x_wconf 91' lang='lat' dir='ltr'>nec</span> <span class='ocrx_word' id='word_1_84' title='bbox 367 1134 467 1184; x_wconf 86' lang='lat' dir='ltr'>lacelliti</span> <span class='ocrx_word' id='word_1_85' title='bbox 485 1149 529 1201; x_wconf 86' lang='lat' dir='ltr'>per</span> <span class='ocrx_word' id='word_1_86' title='bbox 543 1137 641 1201; x_wconf 84' lang='lat' dir='ltr'>aliquot</span> <span class='ocrx_word' id='word_1_87' title='bbox 653 1136 719 1196; x_wconf 78' lang='lat' dir='ltr'>dies;</span> <span class='ocrx_word' id='word_1_88' title='bbox 735 1138 770 1185; x_wconf 88' lang='lat' dir='ltr'>ita</span> <span class='ocrx_word' id='word_1_89' title='bbox 781 1149 833 1187; x_wconf 85' lang='lat' dir='ltr'>non</span> 
     </span>
     <span class='ocr_line' id='line_1_13' title="bbox 75 1209 833 1281; baseline 0.003 -21"><span class='ocrx_word' id='word_1_90' title='bbox 75 1211 156 1276; x_wconf 70' lang='lat' dir='ltr'>uode,</span> <span class='ocrx_word' id='word_1_91' title='bbox 174 1225 230 1262; x_wconf 88' lang='lat' dir='ltr'>non</span> <span class='ocrx_word' id='word_1_92' title='bbox 248 1212 297 1260; x_wconf 80' lang='lat' dir='ltr'>die·</span> <span class='ocrx_word' id='word_1_93' title='bbox 306 1225 417 1277; x_wconf 85' lang='lat' dir='ltr'>unquam</span> <span class='ocrx_word' id='word_1_94' title='bbox 435 1209 587 1262; x_wconf 81' lang='lat' dir='ltr'>cessaverant</span> <span class='ocrx_word' id='word_1_95' title='bbox 597 1214 630 1262; x_wconf 85' lang='lat' dir='ltr'>ab</span> <span class='ocrx_word' id='word_1_96' title='bbox 643 1227 727 1281; x_wconf 87' lang='lat' dir='ltr'>opere,</span> <span class='ocrx_word' id='word_1_97' title='bbox 744 1223 774 1262; x_wconf 88' lang='lat' dir='ltr'>ut</span> <span class='ocrx_word' id='word_1_98' title='bbox 784 1227 833 1262; x_wconf 91' lang='lat' dir='ltr'>no-</span> 
     </span>
     <span class='ocr_line' id='line_1_14' title="bbox 72 1287 834 1357; baseline 0 -19"><span class='ocrx_word' id='word_1_99' title='bbox 72 1303 140 1338; x_wconf 79' lang='lat' dir='ltr'>·vum</span> <span class='ocrx_word' id='word_1_100' title='bbox 150 1303 255 1338; x_wconf 88' lang='lat' dir='ltr'>murum</span> <span class='ocrx_word' id='word_1_101' title='bbox 266 1290 298 1338; x_wconf 89' lang='lat' dir='ltr'>ab</span> <span class='ocrx_word' id='word_1_102' title='bbox 310 1303 339 1338; x_wconf 84' lang='lat' dir='ltr'>ca</span> <span class='ocrx_word' id='word_1_103' title='bbox 352 1299 429 1354; x_wconf 85' lang='lat' dir='ltr'>parte,</span> <span class='ocrx_word' id='word_1_104' title='bbox 447 1289 496 1353; x_wconf 74' lang='lat' dir='ltr'>qud</span> <span class='ocrx_word' id='word_1_105' title='bbox 508 1287 657 1355; x_wconf 72' lang='lat' dir='ltr'>patesaslum</span> <span class='ocrx_word' id='word_1_106' title='bbox 665 1290 785 1357; x_wconf 87' lang='lat' dir='ltr'>oppidum</span> <span class='ocrx_word' id='word_1_107' title='bbox 793 1300 834 1338; x_wconf 88' lang='lat' dir='ltr'>ru·</span> 
     </span>
     <span class='ocr_line' id='line_1_15' title="bbox 77 1363 834 1432; baseline 0.004 -19"><span class='ocrx_word' id='word_1_108' title='bbox 77 1363 124 1414; x_wconf 85' lang='lat' dir='ltr'>iuis</span> <span class='ocrx_word' id='word_1_109' title='bbox 137 1378 204 1431; x_wconf 83' lang='lat' dir='ltr'>erat,</span> <span class='ocrx_word' id='word_1_110' title='bbox 220 1365 361 1416; x_wconf 83' lang='lat' dir='ltr'>reficerent.</span> <span class='ocrx_word' id='word_1_111' title='bbox 397 1364 458 1414; x_wconf 87' lang='lat' dir='ltr'>Inde</span> <span class='ocrx_word' id='word_1_112' title='bbox 475 1366 632 1432; x_wconf 78' lang='lat' dir='ltr'>oppugnatio</span> <span class='ocrx_word' id='word_1_113' title='bbox 647 1381 691 1416; x_wconf 84' lang='lat' dir='ltr'>eos</span> <span class='ocrx_word' id='word_1_114' title='bbox 706 1366 834 1431; x_wconf 81' lang='lat' dir='ltr'>aliquanto</span> 
     </span>
     <span class='ocr_line' id='line_1_16' title="bbox 76 1444 833 1511; baseline 0.004 -18"><span class='ocrx_word' id='word_1_115' title='bbox 76 1448 200 1508; x_wconf 84' lang='lat' dir='ltr'>atrocior,</span> <span class='ocrx_word' id='word_1_116' title='bbox 226 1452 302 1511; x_wconf 72' lang='lat' dir='ltr'>quam</span> <span class='ocrx_word' id='word_1_117' title='bbox 319 1449 386 1508; x_wconf 68' lang='lat' dir='ltr'>ante,</span> <span class='ocrx_word' id='word_1_118' title='bbox 403 1444 490 1494; x_wconf 87' lang='lat' dir='ltr'>adorta</span> <span class='ocrx_word' id='word_1_119' title='bbox 510 1449 560 1498; x_wconf 85' lang='lat' dir='ltr'>esl:</span> <span class='ocrx_word' id='word_1_120' title='bbox 573 1461 640 1507; x_wconf 68' lang='lat' dir='ltr'>arec,</span> <span class='ocrx_word' id='word_1_121' title='bbox 655 1446 705 1510; x_wconf 73' lang='lat' dir='ltr'>qul</span> <span class='ocrx_word' id='word_1_122' title='bbox 723 1447 833 1511; x_wconf 82' lang='lat' dir='ltr'>primurn</span> 
     </span>
     <span class='ocr_line' id='line_1_17' title="bbox 75 1520 842 1590; baseline 0.005 -21"><span class='ocrx_word' id='word_1_123' title='bbox 75 1533 120 1570; x_wconf 80' lang='lat' dir='ltr'>aut</span> <span class='ocrx_word' id='word_1_124' title='bbox 126 1522 358 1590; x_wconf 80' lang='lat' dir='ltr'>potissimum-parte</span> <span class='ocrx_word' id='word_1_125' title='bbox 369 1521 462 1572; x_wconf 86' lang='lat' dir='ltr'>serrent</span> <span class='ocrx_word' id='word_1_126' title='bbox 473 1536 557 1588; x_wconf 90' lang='lat' dir='ltr'>opem,</span> <span class='ocrx_word' id='word_1_127' title='bbox 568 1524 656 1587; x_wconf 87' lang='lat' dir='ltr'>(quum</span> <span class='ocrx_word' id='word_1_128' title='bbox 664 1520 747 1570; x_wconf 84' lang='lat' dir='ltr'>omnia</span> <span class='ocrx_word' id='word_1_129' title='bbox 759 1521 842 1573; x_wconf 75' lang='lat' dir='ltr'>variis</span> 
     </span>
     <span class='ocr_line' id='line_1_18' title="bbox 76 1599 833 1667; baseline 0 -17"><span class='ocrx_word' id='word_1_130' title='bbox 76 1599 234 1650; x_wconf 73' lang='lat' dir='ltr'>clamoribus</span> <span class='ocrx_word' id='word_1_131' title='bbox 245 1601 386 1666; x_wconf 80' lang='lat' dir='ltr'>streperent)</span> <span class='ocrx_word' id='word_1_132' title='bbox 398 1599 455 1649; x_wconf 89' lang='lat' dir='ltr'>satis</span> <span class='ocrx_word' id='word_1_133' title='bbox 466 1599 528 1648; x_wconf 91' lang='lat' dir='ltr'>scire</span> <span class='ocrx_word' id='word_1_134' title='bbox 539 1611 664 1666; x_wconf 85' lang='lat' dir='ltr'>poterant.</span> <span class='ocrx_word' id='word_1_135' title='bbox 697 1599 753 1667; x_wconf 85' lang='lat' dir='ltr'>lpse</span> <span class='ocrx_word' id='word_1_136' title='bbox 763 1603 833 1650; x_wconf 78' lang='lat' dir='ltr'>Han·</span> 
     </span>
     <span class='ocr_line' id='line_1_19' title="bbox 75 1675 832 1742; baseline -0.001 -15"><span class='ocrx_word' id='word_1_137' title='bbox 75 1677 154 1742; x_wconf 87' lang='lat' dir='ltr'>nibal,</span> <span class='ocrx_word' id='word_1_138' title='bbox 175 1677 225 1741; x_wconf 76' lang='lat' dir='ltr'>qud</span> <span class='ocrx_word' id='word_1_139' title='bbox 243 1675 317 1725; x_wconf 84' lang='lat' dir='ltr'>turris</span> <span class='ocrx_word' id='word_1_140' title='bbox 328 1676 437 1737; x_wconf 83' lang='lat' dir='ltr'>mobilis,</span> <span class='ocrx_word' id='word_1_141' title='bbox 454 1677 540 1726; x_wconf 85' lang='lat' dir='ltr'>omnia</span> <span class='ocrx_word' id='word_1_142' title='bbox 550 1677 704 1726; x_wconf 83' lang='lat' dir='ltr'>munimenta</span> <span class='ocrx_word' id='word_1_143' title='bbox 714 1676 781 1726; x_wconf 84' lang='lat' dir='ltr'>urbis</span> <span class='ocrx_word' id='word_1_144' title='bbox 792 1675 832 1726; x_wconf 77' lang='lat' dir='ltr'>su·</span> 
     </span>
     <span class='ocr_line' id='line_1_20' title="bbox 76 1753 833 1822; baseline 0.003 -21"><span class='ocrx_word' id='word_1_145' title='bbox 76 1769 169 1822; x_wconf 83' lang='lat' dir='ltr'>perans</span> <span class='ocrx_word' id='word_1_146' title='bbox 190 1753 330 1817; x_wconf 81' lang='lat' dir='ltr'>altitudine,</span> <span class='ocrx_word' id='word_1_147' title='bbox 356 1753 484 1816; x_wconf 84' lang='lat' dir='ltr'>agebatur,</span> <span class='ocrx_word' id='word_1_148' title='bbox 510 1753 625 1802; x_wconf 85' lang='lat' dir='ltr'>hortator</span> <span class='ocrx_word' id='word_1_149' title='bbox 644 1753 739 1803; x_wconf 85' lang='lat' dir='ltr'>aderat.</span> <span class='ocrx_word' id='word_1_150' title='bbox 777 1765 833 1818; x_wconf 77' lang='lat' dir='ltr'>quas</span> 
     </span>
     <span class='ocr_line' id='line_1_21' title="bbox 76 1830 832 1898; baseline -0.003 -18"><span class='ocrx_word' id='word_1_151' title='bbox 76 1847 156 1896; x_wconf 89' lang='lat' dir='ltr'>quum</span> <span class='ocrx_word' id='word_1_152' title='bbox 167 1830 279 1894; x_wconf 88' lang='lat' dir='ltr'>admota,</span> <span class='ocrx_word' id='word_1_153' title='bbox 296 1831 428 1898; x_wconf 85' lang='lat' dir='ltr'>catapultis</span> <span class='ocrx_word' id='word_1_154' title='bbox 444 1830 585 1896; x_wconf 75' lang='lat' dir='ltr'>ballistisque</span> <span class='ocrx_word' id='word_1_155' title='bbox 601 1846 645 1898; x_wconf 82' lang='lat' dir='ltr'>per</span> <span class='ocrx_word' id='word_1_156' title='bbox 662 1832 748 1882; x_wconf 83' lang='lat' dir='ltr'>omnia</span> <span class='ocrx_word' id='word_1_157' title='bbox 758 1831 832 1879; x_wconf 66' lang='lat' dir='ltr'>tabth</span> 
     </span>
     <span class='ocr_line' id='line_1_22' title="bbox 71 1908 833 1977; baseline -0.003 -18"><span class='ocrx_word' id='word_1_158' title='bbox 71 1913 126 1960; x_wconf 82' lang='lat' dir='ltr'>lata</span> <span class='ocrx_word' id='word_1_159' title='bbox 137 1908 273 1977; x_wconf 71' lang='lat' dir='ltr'>dispositis,</span> <span class='ocrx_word' id='word_1_160' title='bbox 281 1925 366 1962; x_wconf 85' lang='lat' dir='ltr'>muros</span> <span class='ocrx_word' id='word_1_161' title='bbox 379 1909 550 1960; x_wconf 74' lang='lat' dir='ltr'>defensoribus</span> <span class='ocrx_word' id='word_1_162' title='bbox 559 1910 670 1960; x_wconf 76' lang='lat' dir='ltr'>nudasset</span> <span class='ocrx_word' id='word_1_163' title='bbox 674 1929 683 1972; x_wconf 68' lang='grc' dir='ltr'><strong><em>ς</em></strong></span> <span class='ocrx_word' id='word_1_164' title='bbox 700 1920 754 1959; x_wconf 84' lang='lat' dir='ltr'>tutu</span> <span class='ocrx_word' id='word_1_165' title='bbox 762 1912 833 1958; x_wconf 76' lang='lat' dir='ltr'>Han·</span> 
     </span>
     <span class='ocr_line' id='line_1_23' title="bbox 76 1987 833 2052; baseline 0 -15"><span class='ocrx_word' id='word_1_166' title='bbox 76 1989 158 2051; x_wconf 74' lang='lat' dir='ltr'>uibal,</span> <span class='ocrx_word' id='word_1_167' title='bbox 174 1987 329 2039; x_wconf 74' lang='lat' dir='ltr'>occasionem</span> <span class='ocrx_word' id='word_1_168' title='bbox 337 1998 415 2051; x_wconf 87' lang='lat' dir='ltr'>ratus,</span> <span class='ocrx_word' id='word_1_169' title='bbox 432 1988 580 2052; x_wconf 86' lang='lat' dir='ltr'>quingentos</span> <span class='ocrx_word' id='word_1_170' title='bbox 593 1989 671 2038; x_wconf 85' lang='lat' dir='ltr'>ferme</span> <span class='ocrx_word' id='word_1_171' title='bbox 688 1987 764 2038; x_wconf 79' lang='lat' dir='ltr'>Afros</span> <span class='ocrx_word' id='word_1_172' title='bbox 774 2001 833 2037; x_wconf 87' lang='lat' dir='ltr'>curn</span> 
     </span>
     <span class='ocr_line' id='line_1_24' title="bbox 73 2063 832 2114; baseline -0.004 0"><span class='ocrx_word' id='word_1_173' title='bbox 73 2065 189 2114; x_wconf 82' lang='lat' dir='ltr'>dolabris</span> <span class='ocrx_word' id='word_1_174' title='bbox 199 2063 232 2112; x_wconf 88' lang='lat' dir='ltr'>ad</span> <span class='ocrx_word' id='word_1_175' title='bbox 242 2063 410 2114; x_wconf 87' lang='lat' dir='ltr'>subruendum</span> <span class='ocrx_word' id='word_1_176' title='bbox 421 2065 452 2112; x_wconf 91' lang='lat' dir='ltr'>ab</span> <span class='ocrx_word' id='word_1_177' title='bbox 464 2065 518 2112; x_wconf 85' lang='lat' dir='ltr'>into</span> <span class='ocrx_word' id='word_1_178' title='bbox 532 2080 632 2114; x_wconf 70' lang='lat' dir='ltr'>munim</span> <span class='ocrx_word' id='word_1_179' title='bbox 642 2064 730 2114; x_wconf 86' lang='lat' dir='ltr'>mittit.</span> <span class='ocrx_word' id='word_1_180' title='bbox 748 2078 794 2112; x_wconf 87' lang='lat' dir='ltr'>nec</span> <span class='ocrx_word' id='word_1_181' title='bbox 805 2079 832 2112; x_wconf 83' lang='lat' dir='ltr'>e·</span> 
     </span>
     <span class='ocr_line' id='line_1_25' title="bbox 75 2141 831 2208; baseline -0.001 -17"><span class='ocrx_word' id='word_1_182' title='bbox 75 2153 115 2193; x_wconf 89' lang='lat' dir='ltr'>rat</span> <span class='ocrx_word' id='word_1_183' title='bbox 126 2141 227 2190; x_wconf 84' lang='lat' dir='ltr'>difficile</span> <span class='ocrx_word' id='word_1_184' title='bbox 236 2157 313 2208; x_wconf 82' lang='lat' dir='ltr'>opus,</span> <span class='ocrx_word' id='word_1_185' title='bbox 331 2141 400 2208; x_wconf 79' lang='lat' dir='ltr'>quod</span> <span class='ocrx_word' id='word_1_186' title='bbox 418 2152 537 2190; x_wconf 83' lang='lat' dir='ltr'>eaementa</span> <span class='ocrx_word' id='word_1_187' title='bbox 553 2157 606 2192; x_wconf 90' lang='lat' dir='ltr'>non</span> <span class='ocrx_word' id='word_1_188' title='bbox 623 2143 689 2192; x_wconf 86' lang='lat' dir='ltr'>calce</span> <span class='ocrx_word' id='word_1_189' title='bbox 705 2143 793 2192; x_wconf 86' lang='lat' dir='ltr'>durata</span> <span class='ocrx_word' id='word_1_190' title='bbox 805 2157 831 2190; x_wconf 90' lang='lat' dir='ltr'>e·</span> 
     </span>
     <span class='ocr_line' id='line_1_26' title="bbox 68 2218 831 2285; baseline -0.003 -15"><span class='ocrx_word' id='word_1_191' title='bbox 68 2229 142 2283; x_wconf 85' lang='lat' dir='ltr'>¹rant,</span> <span class='ocrx_word' id='word_1_192' title='bbox 161 2218 201 2268; x_wconf 90' lang='lat' dir='ltr'>sed</span> <span class='ocrx_word' id='word_1_193' title='bbox 212 2219 321 2269; x_wconf 86' lang='lat' dir='ltr'>interlita</span> <span class='ocrx_word' id='word_1_194' title='bbox 332 2221 396 2282; x_wconf 93' lang='lat' dir='ltr'>luto,</span> <span class='ocrx_word' id='word_1_195' title='bbox 413 2218 537 2274; x_wconf 61' lang='lat' dir='ltr'>struitur:</span> <span class='ocrx_word' id='word_1_196' title='bbox 546 2220 654 2285; x_wconf 77' lang='lat' dir='ltr'>antiqua</span> <span class='ocrx_word' id='word_1_197' title='bbox 665 2235 763 2284; x_wconf 86' lang='lat' dir='ltr'>genere.</span> <span class='ocrx_word' id='word_1_198' title='bbox 780 2222 831 2272; x_wconf 80' lang='lat' dir='ltr'>Ita-</span> 
     </span>
     <span class='ocr_line' id='line_1_27' title="bbox 76 2298 832 2366; baseline 0.003 -18"><span class='ocrx_word' id='word_1_199' title='bbox 76 2315 126 2366; x_wconf 89' lang='lat' dir='ltr'>que</span> <span class='ocrx_word' id='word_1_200' title='bbox 138 2298 223 2360; x_wconf 78' lang='lat' dir='ltr'>latids,</span> <span class='ocrx_word' id='word_1_201' title='bbox 239 2303 315 2363; x_wconf 73' lang='lat' dir='ltr'>quarn</span> <span class='ocrx_word' id='word_1_202' title='bbox 333 2298 476 2360; x_wconf 74' lang='lat' dir='ltr'>caederetur,</span> <span class='ocrx_word' id='word_1_203' title='bbox 494 2298 596 2348; x_wconf 85' lang='lat' dir='ltr'>ruebat:</span> <span class='ocrx_word' id='word_1_204' title='bbox 616 2314 708 2364; x_wconf 87' lang='lat' dir='ltr'>perque</span> <span class='ocrx_word' id='word_1_205' title='bbox 723 2301 832 2365; x_wconf 87' lang='lat' dir='ltr'>patentia</span> 
     </span>
     <span class='ocr_line' id='line_1_28' title="bbox 70 2375 832 2438; baseline -0.003 -12"><span class='ocrx_word' id='word_1_206' title='bbox 70 2377 157 2428; x_wconf 82' lang='lat' dir='ltr'>ruinis</span> <span class='ocrx_word' id='word_1_207' title='bbox 168 2375 267 2438; x_wconf 84' lang='lat' dir='ltr'>agmina</span> <span class='ocrx_word' id='word_1_208' title='bbox 278 2384 433 2426; x_wconf 84' lang='lat' dir='ltr'>armatorum</span> <span class='ocrx_word' id='word_1_209' title='bbox 446 2376 471 2424; x_wconf 88' lang='lat' dir='ltr'>in</span> <span class='ocrx_word' id='word_1_210' title='bbox 484 2375 573 2424; x_wconf 88' lang='lat' dir='ltr'>urbem</span> <span class='ocrx_word' id='word_1_211' title='bbox 584 2375 717 2426; x_wconf 74' lang='lat' dir='ltr'>radebant.</span> <span class='ocrx_word' id='word_1_212' title='bbox 733 2378 832 2424; x_wconf 82' lang='lat' dir='ltr'>Locum</span> 
     </span>
     <span class='ocr_line' id='line_1_29' title="bbox 69 2451 832 2519; baseline 0.003 -17"><span class='ocrx_word' id='word_1_213' title='bbox 69 2468 179 2518; x_wconf 87' lang='lat' dir='ltr'>quoque</span> <span class='ocrx_word' id='word_1_214' title='bbox 189 2452 285 2504; x_wconf 84' lang='lat' dir='ltr'>editum</span> <span class='ocrx_word' id='word_1_215' title='bbox 303 2453 420 2518; x_wconf 91' lang='lat' dir='ltr'>capiunt:</span> <span class='ocrx_word' id='word_1_216' title='bbox 440 2451 587 2518; x_wconf 89' lang='lat' dir='ltr'>collatisque</span> <span class='ocrx_word' id='word_1_217' title='bbox 598 2458 628 2502; x_wconf 81' lang='lat' dir='ltr'>eb</span> <span class='ocrx_word' id='word_1_218' title='bbox 645 2452 776 2519; x_wconf 83' lang='lat' dir='ltr'>catapultis</span> <span class='ocrx_word' id='word_1_219' title='bbox 786 2454 832 2504; x_wconf 74' lang='lat' dir='ltr'>ba·</span> 
     </span>
     <span class='ocr_line' id='line_1_30' title="bbox 74 2528 831 2596; baseline -0.003 -16"><span class='ocrx_word' id='word_1_220' title='bbox 74 2529 191 2596; x_wconf 76' lang='lat' dir='ltr'>filiisque,</span> <span class='ocrx_word' id='word_1_221' title='bbox 209 2541 238 2580; x_wconf 89' lang='lat' dir='ltr'>ut</span> <span class='ocrx_word' id='word_1_222' title='bbox 250 2530 376 2580; x_wconf 81' lang='lat' dir='ltr'>eastellum</span> <span class='ocrx_word' id='word_1_223' title='bbox 387 2531 413 2580; x_wconf 90' lang='lat' dir='ltr'>in</span> <span class='ocrx_word' id='word_1_224' title='bbox 431 2528 483 2596; x_wconf 87' lang='lat' dir='ltr'>ipsa</span> <span class='ocrx_word' id='word_1_225' title='bbox 499 2530 561 2581; x_wconf 87' lang='lat' dir='ltr'>urbe</span> <span class='ocrx_word' id='word_1_226' title='bbox 573 2532 642 2580; x_wconf 80' lang='lat' dir='ltr'>velut</span> <span class='ocrx_word' id='word_1_227' title='bbox 653 2546 736 2586; x_wconf 80' lang='lat' dir='ltr'>arcem</span> <span class='ocrx_word' id='word_1_228' title='bbox 748 2530 831 2578; x_wconf 86' lang='lat' dir='ltr'>immi·</span> 
     </span>
     <span class='ocr_line' id='line_1_31' title="bbox 76 2609 830 2674; baseline 0.001 -16"><span class='ocrx_word' id='word_1_229' title='bbox 76 2621 179 2660; x_wconf 87' lang='lat' dir='ltr'>nentem</span> <span class='ocrx_word' id='word_1_230' title='bbox 191 2609 320 2671; x_wconf 89' lang='lat' dir='ltr'>haberent,</span> <span class='ocrx_word' id='word_1_231' title='bbox 330 2623 405 2659; x_wconf 84' lang='lat' dir='ltr'>muro</span> <span class='ocrx_word' id='word_1_232' title='bbox 417 2609 586 2661; x_wconf 85' lang='lat' dir='ltr'>circumdant:</span> <span class='ocrx_word' id='word_1_233' title='bbox 604 2610 629 2659; x_wconf 71' lang='grc' dir='ltr'><strong>ἃ</strong></span> <span class='ocrx_word' id='word_1_234' title='bbox 639 2609 766 2674; x_wconf 85' lang='lat' dir='ltr'>Saguntini</span> <span class='ocrx_word' id='word_1_235' title='bbox 774 2625 830 2660; x_wconf 82' lang='lat' dir='ltr'>mtt-</span> 
     </span>
     <span class='ocr_line' id='line_1_32' title="bbox 76 2685 830 2753; baseline 0.003 -17"><span class='ocrx_word' id='word_1_236' title='bbox 76 2701 132 2736; x_wconf 86' lang='lat' dir='ltr'>nttu</span> <span class='ocrx_word' id='word_1_237' title='bbox 144 2687 290 2736; x_wconf 84' lang='lat' dir='ltr'>interiorem</span> <span class='ocrx_word' id='word_1_238' title='bbox 301 2685 336 2734; x_wconf 91' lang='lat' dir='ltr'>ab</span> <span class='ocrx_word' id='word_1_239' title='bbox 348 2685 458 2736; x_wconf 86' lang='lat' dir='ltr'>nondum</span> <span class='ocrx_word' id='word_1_240' title='bbox 475 2697 549 2752; x_wconf 76' lang='lat' dir='ltr'>capta</span> <span class='ocrx_word' id='word_1_241' title='bbox 562 2686 631 2736; x_wconf 81' lang='lat' dir='ltr'>urbis</span> <span class='ocrx_word' id='word_1_242' title='bbox 647 2697 716 2753; x_wconf 89' lang='lat' dir='ltr'>parte</span> <span class='ocrx_word' id='word_1_243' title='bbox 727 2686 830 2738; x_wconf 76' lang='lat' dir='ltr'>ducunt.</span> 
     </span>
     <span class='ocr_line' id='line_1_33' title="bbox 78 2762 830 2831; baseline 0.003 -19"><span class='ocrx_word' id='word_1_244' title='bbox 78 2765 200 2830; x_wconf 86' lang='lat' dir='ltr'>Utrinque</span> <span class='ocrx_word' id='word_1_245' title='bbox 218 2763 314 2814; x_wconf 58' lang='lat' dir='ltr'>summ&amp;</span> <span class='ocrx_word' id='word_1_246' title='bbox 327 2762 393 2812; x_wconf 84' lang='lat' dir='ltr'>vi&amp;</span> <span class='ocrx_word' id='word_1_247' title='bbox 408 2765 533 2824; x_wconf 78' lang='lat' dir='ltr'>muniunt,</span> <span class='ocrx_word' id='word_1_248' title='bbox 550 2764 713 2831; x_wconf 68' lang='lat' dir='ltr'>depugnant:</span> <span class='ocrx_word' id='word_1_249' title='bbox 731 2763 780 2825; x_wconf 87' lang='lat' dir='ltr'>sed,</span> <span class='ocrx_word' id='word_1_250' title='bbox 790 2765 830 2814; x_wconf 89' lang='lat' dir='ltr'>in·</span> 
     </span>
     <span class='ocr_line' id='line_1_34' title="bbox 77 2839 829 2906; baseline -0.003 -14"><span class='ocrx_word' id='word_1_251' title='bbox 77 2843 168 2898; x_wconf 76' lang='lat' dir='ltr'>teriora</span> <span class='ocrx_word' id='word_1_252' title='bbox 179 2841 283 2900; x_wconf 87' lang='lat' dir='ltr'>tuendo,</span> <span class='ocrx_word' id='word_1_253' title='bbox 300 2840 425 2888; x_wconf 87' lang='lat' dir='ltr'>minorem</span> <span class='ocrx_word' id='word_1_254' title='bbox 437 2841 464 2890; x_wconf 92' lang='lat' dir='ltr'>in</span> <span class='ocrx_word' id='word_1_255' title='bbox 481 2840 533 2890; x_wconf 81' lang='lat' dir='ltr'>dies</span> <span class='ocrx_word' id='word_1_256' title='bbox 550 2839 636 2890; x_wconf 88' lang='lat' dir='ltr'>urbem</span> <span class='ocrx_word' id='word_1_257' title='bbox 653 2842 781 2906; x_wconf 81' lang='lat' dir='ltr'>Saguntini</span> <span class='ocrx_word' id='word_1_258' title='bbox 793 2842 829 2890; x_wconf 88' lang='lat' dir='ltr'>sa·</span> 
     </span>
     <span class='ocr_line' id='line_1_35' title="bbox 78 2917 909 2986; baseline 0.001 -17"><span class='ocrx_word' id='word_1_259' title='bbox 78 2921 156 2986; x_wconf 76' lang='lat' dir='ltr'>ciunt.</span> <span class='ocrx_word' id='word_1_260' title='bbox 191 2919 268 2968; x_wconf 87' lang='lat' dir='ltr'>Simul</span> <span class='ocrx_word' id='word_1_261' title='bbox 282 2917 371 2966; x_wconf 90' lang='lat' dir='ltr'>crescit</span> <span class='ocrx_word' id='word_1_262' title='bbox 388 2917 473 2984; x_wconf 87' lang='lat' dir='ltr'>inopia</span> <span class='ocrx_word' id='word_1_263' title='bbox 485 2920 598 2968; x_wconf 87' lang='lat' dir='ltr'>omnium</span> <span class='ocrx_word' id='word_1_264' title='bbox 609 2920 684 2982; x_wconf 81' lang='lat' dir='ltr'>longa</span> <span class='ocrx_word' id='word_1_265' title='bbox 694 2919 830 2985; x_wconf 86' lang='lat' dir='ltr'>obsidione,</span> <span class='ocrx_word' id='word_1_266' title='bbox 903 2940 909 2945; x_wconf 95' lang='lat'>·</span> 
     </span>
     <span class='ocr_line' id='line_1_36' title="bbox 77 2995 831 3066; baseline 0 -18"><span class='ocrx_word' id='word_1_267' title='bbox 77 2999 233 3050; x_wconf 74' lang='lat' dir='ltr'>&amp;minuitur</span> <span class='ocrx_word' id='word_1_268' title='bbox 241 2995 401 3063; x_wconf 72' lang='lat' dir='ltr'>exspeslatio</span> <span class='ocrx_word' id='word_1_269' title='bbox 412 3008 523 3048; x_wconf 73' lang='lat' dir='ltr'>externa</span> <span class='ocrx_word' id='word_1_270' title='bbox 534 3000 589 3066; x_wconf 85' lang='lat' dir='ltr'>opis</span> <span class='ocrx_word' id='word_1_271' title='bbox 600 3017 606 3058; x_wconf 83' lang='lat'>;</span> <span class='ocrx_word' id='word_1_272' title='bbox 623 3013 701 3063; x_wconf 88' lang='lat' dir='ltr'>quum</span> <span class='ocrx_word' id='word_1_273' title='bbox 713 3008 763 3048; x_wconf 89' lang='lat' dir='ltr'>tam</span> <span class='ocrx_word' id='word_1_274' title='bbox 772 3015 831 3066; x_wconf 87' lang='lat' dir='ltr'>pro·</span> 
     </span>
     <span class='ocr_line' id='line_1_37' title="bbox 77 3073 830 3146; baseline 0 -18"><span class='ocrx_word' id='word_1_275' title='bbox 77 3078 116 3130; x_wconf 86' lang='lat' dir='ltr'>cul</span> <span class='ocrx_word' id='word_1_276' title='bbox 132 3077 250 3144; x_wconf 70' lang='lat' dir='ltr'>nonani,</span> <span class='ocrx_word' id='word_1_277' title='bbox 270 3073 348 3130; x_wconf 80' lang='lat' dir='ltr'>unica</span> <span class='ocrx_word' id='word_1_278' title='bbox 364 3074 426 3146; x_wconf 79' lang='lat' dir='ltr'>spes,</span> <span class='ocrx_word' id='word_1_279' title='bbox 444 3076 510 3130; x_wconf 77' lang='lat' dir='ltr'>circa</span> <span class='ocrx_word' id='word_1_280' title='bbox 525 3078 609 3130; x_wconf 83' lang='lat' dir='ltr'>omnia</span> <span class='ocrx_word' id='word_1_281' title='bbox 625 3074 733 3129; x_wconf 77' lang='lat' dir='ltr'>hostiurn</span> <span class='ocrx_word' id='word_1_282' title='bbox 744 3077 830 3128; x_wconf 77' lang='lat' dir='ltr'>esseut.</span> 
     </span>
     <span class='ocr_line' id='line_1_38' title="bbox 72 3157 829 3209; baseline -0.001 -1"><span class='ocrx_word' id='word_1_283' title='bbox 72 3177 76 3184; x_wconf 91' lang='lat'>·</span> <span class='ocrx_word' id='word_1_284' title='bbox 763 3157 829 3209; x_wconf 82' lang='lat' dir='ltr'>Pau-</span> 
     </span>
    </p>
   </div>
   <div class='ocr_carea' id='block_1_3' title="bbox 0 0 1005 3709">
    <p class='ocr_par' dir='ltr' id='par_1_3' title="bbox 0 0 1005 3709">
     <span class='ocr_line' id='line_1_39' title="bbox 0 0 1005 3709; baseline 0 0"><span class='ocrx_word' id='word_1_285' title='bbox 0 0 1005 3709; x_wconf 95' lang='lat' dir='ltr'> </span> 
     </span>
    </p>
   </div>
  </div>
 </body>
</html>
