2000 3709
240 297 245 303 .
338 257 510 310 LIBER
543 257 579 309 x.
801 259 838 317 ts

89 353 177 407 renus,
195 345 219 398 tc
231 345 314 414 ipsum
325 348 496 411 flagitantibus
511 346 560 397 suis
573 347 669 412 lignum
677 343 776 400 dedisse.
794 345 837 396 Ab

89 435 173 472 neutra
185 435 253 491 parte
271 423 329 474 satis
346 424 477 474 commode
488 423 596 474 murnai
607 424 716 475 suerunt.
740 440 800 475 nam
810 423 837 474 ἃ

87 502 232 550 samnitium
250 501 305 551 dux
321 499 417 549 Gellius
430 502 548 564 Egnatius
565 501 709 567 pabulatum
725 515 784 552 eum
794 515 838 550 co·

89 573 199 624 hortibus
218 577 304 641 paucis
323 577 402 635 ierat3
420 573 514 639 suoque
533 576 628 641 impetu
645 577 725 646 magis
740 577 840 638 milites,

87 655 160 714 quarn
171 650 319 716 cujusquam
335 649 411 700 doliu
425 660 469 699 aut
481 650 595 717 imperio,
613 667 722 718 pugnam
732 649 839 718 apelle·

21 761 24 768 ·
87 727 154 777 bant.
171 729 198 778 de
210 730 320 778 Romani
332 729 456 777 exercitus
468 744 514 778 nec
525 729 618 795 pariter
625 728 782 792 ambodulli,
790 743 838 778 nec

86 801 142 852 satis
161 805 282 870 temporis
298 804 331 854 ad
350 803 517 854 instruendum
533 802 592 854 suit.
625 805 695 854 Prius
711 805 840 855 concurrit

87 880 247 940 Volumnius,
265 884 340 944 qusm
356 881 452 946 Appius
466 879 497 928 ad
512 879 606 930 hostem
622 880 773 946 perveniret.
790 881 839 930 ita·

87 957 238 1022 quofronte
261 957 376 1023 inequali
397 957 546 1012 concursum
563 958 611 1007 esi:
630 958 665 1020 e,
681 960 752 1008 velut
771 958 838 1009 sorte
935 977 939 983 ⁴

86 1036 193 1100 quadam
205 1045 319 1085 mutante
330 1035 435 1086 alluetos
451 1037 517 1084 inter
534 1035 657 1099 senodes,
673 1035 771 1087 Etrusci
783 1042 838 1088 vo·

87 1114 190 1177 lumnio,
208 1115 340 1176 Samnites,
357 1128 489 1180 parumper
499 1113 615 1178 cundati,
632 1117 691 1182 quia
706 1115 761 1165 dux
777 1115 838 1165 abe·

87 1201 131 1252 rat,
149 1192 237 1258 Appio
255 1205 395 1240 occurrere.
430 1191 530 1240 Dicitur
541 1192 638 1258 Appius
652 1192 679 1242 in
694 1191 779 1242 medio
791 1207 839 1260 pu.

88 1284 140 1333 qne
151 1267 303 1332 discrimine,
320 1270 356 1318 ita
372 1278 402 1316 ut
418 1268 483 1316 inter
500 1267 581 1334 prima
598 1268 665 1333 tigna
681 1270 795 1319 manibus
806 1269 839 1320 ad

89 1347 175 1398 celum
186 1347 290 1396 sublatis
307 1347 497 1413 conspiceretur,
515 1347 551 1394 ita
567 1358 680 1412 precatus
693 1345 749 1410 else,
766 1347 839 1396 Belo·
891 1389 897 1394 .

88 1441 123 1488 aa,
133 1425 227 1489 filisu
238 1421 296 1473 nobis
308 1423 425 1472 visorium
433 1425 487 1486 duis,
503 1421 537 1487 ast
547 1438 585 1489 ego
595 1422 700 1488 templum
708 1422 747 1472 n'll
757 1435 839 1474 mco.

89 1503 146 1551 llaec
157 1511 284 1568 precatus,
301 1501 372 1549 velut
383 1499 583 1564 instigantem,
600 1498 626 1549 dt
641 1498 693 1566 ipse
703 1500 804 1564 college
812 1502 839 1554 tc

89 1578 214 1628 exercitlls
232 1577 354 1626 virtutem
375 1577 493 1642 aquavit.
527 1580 612 1626 Duces
629 1576 791 1644 imperatoria
809 1595 840 1628 o·

89 1667 146 1721 pera
156 1652 343 1718 exsequuntur;
361 1653 386 1704 de
397 1653 494 1715 milites,
510 1668 543 1702 ne
558 1652 592 1703 ab
601 1653 679 1704 altera
690 1663 759 1722 perte
770 1656 839 1722 prim

89 1730 195 1782 vittoria
212 1731 323 1798 incipiat,
340 1731 495 1780 annituntur.
527 1731 596 1795 Ergo
612 1729 838 1796 funduntsugant·

86 1823 135 1875 quc
154 1808 244 1868 helles,
260 1808 382 1871 majorem
400 1806 493 1856 molem
511 1806 577 1856 haud
596 1806 668 1857 facile
687 1807 837 1872 sustinentes,

89 1891 164 1953 quim
176 1901 235 1934 cum
247 1901 295 1950 qua
312 1899 401 1935 manus
418 1883 545 1934 conserere
562 1885 648 1934 affireti
665 1886 772 1936 suerent.
797 1903 840 1936 ur·

89 1963 173 2029 gendo
189 1961 311 2024 cedentes,
328 1962 527 2028 insequendoque
543 1961 633 2012 effusos
649 1965 792 2030 compulere
806 1962 840 2013 ad

89 2043 175 2093 castra.
211 2042 259 2105 lbi,
277 2039 420 2091 interventu
438 2040 515 2089 Gellii
532 2040 724 2106 cohortiumque
735 2040 840 2091 sabella·

89 2136 154 2183 rum,
170 2119 295 2188 paulisper
313 2118 439 2169 recruduit
458 2133 551 2186 pugna.
577 2118 608 2168 iis
618 2133 716 2184 quoque
726 2118 841 2170 morsu·

89 2198 127 2262 fis,
142 2199 198 2261 jam
212 2202 227 2247 a
241 2196 377 2248 vilioribus
388 2197 462 2246 castra
471 2195 691 2262 oppugnabantur:
712 2196 746 2258 de,
759 2191 841 2262 quum

89 2275 243 2326 Volumnius
264 2273 315 2342 ipse
333 2285 410 2341 porte
427 2273 493 2338 signa
505 2272 621 2334 inferrem
638 2274 742 2340 Appius,
759 2273 841 2324 Bello-

89 2368 149 2404 nam
167 2351 296 2402 viliricem
313 2350 447 2401 identidem
466 2349 600 2412 celebrans,
615 2350 760 2400 accenderet
775 2352 841 2402 mili·

88 2439 143 2482 tum
155 2431 261 2494 animos,
279 2443 323 2496 per
340 2429 444 2493 vallum,
461 2443 507 2495 per
522 2426 595 2478 solies
606 2427 755 2495 irruperunt.
791 2434 841 2479 ca·

87 2507 138 2556 llra
157 2517 230 2572 capta
249 2506 411 2573 direptaque:
429 2504 520 2572 preda.
531 2505 617 2569 ingens
636 2515 706 2573 parta
722 2506 749 2557 tc
764 2505 840 2561 militi

90 2581 202 2633 concessa
213 2583 256 2632 est.
282 2582 376 2650 septem
392 2582 470 2632 millia
485 2599 516 2633 ac
526 2583 630 2633 nocenti
641 2582 747 2634 hollitun
757 2584 840 2652 ocelli,

90 2660 142 2711 duo
154 2659 232 2710 millia
244 2661 269 2712 ἃ
280 2671 382 2710 centum
393 2660 485 2723 viginti
496 2661 573 2727 capti.

124 2743 186 2788 xx.
203 2741 273 2788 Dum
284 2739 360 2789 ambo
378 2737 488 2790 consules
499 2738 629 2804 omnisque
638 2740 753 2790 Romana
763 2739 803 2790 ris
814 2739 841 2790 in

91 2814 223 2868 Etruscum
234 2816 329 2866 bellum
340 2818 418 2880 magis
434 2816 545 2880 inclinat,
562 2817 588 2866 in
604 2818 707 2867 Samnio
721 2817 784 2866 nori
795 2831 842 2870 ex·

90 2895 189 2958 excitus,
208 2895 294 2944 exorti
305 2893 337 2942 ad
349 2893 536 2960 depopulandos
546 2893 642 2960 imperii
652 2893 760 2945 Romani
771 2893 842 2958 sines,

92 2985 138 3038 per
148 2971 269 3023 Vescinos
281 2972 308 3021 in
319 2971 478 3038 Campaniam
486 2971 667 3038 Falernumque
677 2970 764 3035 agrum
772 2981 841 3022 tran-

91 3048 219 3120 scendunt,
240 3046 401 3121 ingentesque
420 3048 635 3122 praedausaciunt.
668 3049 842 3189 ltolittrrntppii,s
889 3052 892 3058 ·
978 3076 979 3085 ,

191 3169 194 3174 v
744 3138 786 3178 ma
