2000 3709
153 247 205 308 aye
373 247 678 306 ‚nxutvtt

151 333 268 388 Maeuio
285 332 592 406 (scribsissnteaiuetat)
608 337 747 389 redierunt.
784 339 916 388 Statuam
975 340 977 343 '

154 409 194 474 jus
205 411 299 464 indicio
309 413 366 477 suit,
384 416 502 468 Praenelie
513 417 541 466 in
557 415 617 466 foro
633 416 734 479 stannea,
749 415 874 474 loricata,
890 427 920 461 a·
975 430 977 473 ς

67 523 76 528 -
155 487 310 556 mistatogi,
327 484 519 560 velatocapite3
536 492 622 544 &tria
635 493 774 557 lignacum
787 491 920 542 titulola·

89 585 102 610 ο
154 580 222 618 mna
235 583 307 620 aeueae
318 567 447 636 inscripto,
463 571 592 620 Minicium
599 582 643 636 pro
654 568 769 632 militibus,
785 571 826 637 qui
839 567 921 634 Cafili·
975 574 977 633 i

154 645 417 712 niiepufidiosuerint,
433 658 512 700 uatum
521 648 614 715 voviffl.
649 648 720 698 Idem
732 649 826 699 titulus
837 647 923 699 tribus
975 642 977 687 l

55 739 65 758 ·
156 718 230 786 fignis
241 721 267 772 in
280 721 332 773 ede
342 725 459 776 Fortunae
470 724 556 792 positis
565 723 614 774 suit
625 721 757 788 subjeuu.
975 694 977 785 l

151 849 154 856 ,
191 803 251 850 XX.
271 801 405 852 Casilinum
421 804 543 870 oppidum
562 803 687 854 redditum
710 802 854 870 Campanis
874 801 920 867 eli,
975 788 977 945 Ι

155 875 282 928 firmatum
293 879 506 948 septingentorum
516 881 624 931 rnilitum
636 880 668 930 de
684 883 802 932 exercitu
813 881 920 932 Hanni·

151 955 217 1030 'baiis
236 957 360 1023 praesrtim
377 976 418 1024 ne,
435 960 479 1010 ubi
501 963 588 1010 Poenus
607 952 664 1009 in'de
683 958 843 1023 abscessisset,
862 960 919 1008 Ro·
975 954 977 1023 ξ

151 1034 222 1084 mani
233 1049 416 1102 oppugnarent.
450 1037 601 1089 Praeneslinis
610 1037 731 1088 militibus
743 1037 849 1088 senatus
861 1039 918 1088 Ro·
975 1028 977 1081 ἶ

153 1127 240 1164 mantis
251 1115 344 1184 duplex
355 1116 504 1185 stipendium
516 1117 713 1182 &quinquennii
724 1115 826 1167 militiae
834 1131 918 1165 vaca·
975 1142 977 1195 ,

151 1191 249 1256 ¹tionetn
260 1192 381 1242 decrevit.
398 1195 503 1244 civitate
519 1208 597 1259 quum
612 1193 764 1244 donarentur
776 1193 815 1242 ob
826 1195 917 1244 virtue

114 1275 118 1286 '
153 1278 213 1333 tem,
229 1285 281 1320 non
298 1282 468 1322 mittaverunt.
503 1270 676 1320 Perusinorum
687 1270 755 1320 casus
772 1269 918 1320 obscurior
975 1300 977 1333 ,

153 1345 221 1397 lama
236 1347 283 1408 esi;
301 1349 359 1414 quia
374 1363 419 1400 nec
431 1347 543 1418 ipsorum
554 1358 719 1398 monumento
732 1349 786 1398 ullo
804 1348 841 1398 esi
853 1349 917 1398 illu·
975 1358 977 1417 ζ

152 1423 249 1486 stratus,
272 1439 317 1475 nee
337 1425 437 1492 tlecreto
459 1429 638 1476 Romanorum.
673 1422 768 1474 Eodem
791 1436 916 1494 ternpore
975 1430 977 1457 ¹

151 1503 284 1568 Petelinos,
301 1505 344 1570 qui
361 1505 404 1556 uni
417 1518 449 1554 ex
468 1504 570 1554 Bruttiis
590 1502 730 1554 manserant
747 1503 772 1553 in
791 1504 914 1556 amicitia
975 1538 977 1545 ·

150 1583 276 1646 Romana,
293 1598 343 1632 non
364 1580 580 1646 Karthaginienses
600 1581 686 1645 modo,
703 1582 750 1648 qui
773 1584 912 1648 regionem
975 1628 977 1651 ,

98 1675 105 1682 ”
150 1659 307 1721 obtinebant,
324 1659 366 1712 sed
378 1661 468 1710 bruttii
482 1676 582 1726 quoque
597 1660 683 1723 ceteri,
699 1659 735 1712 ob
746 1659 864 1728 separata
875 1663 912 1713 ab
975 1660 977 1713 ξ

151 1735 176 1788 se
188 1737 296 1798 consilia,
314 1739 504 1806 oppugnabant.
523 1738 621 1801 Quibus
633 1753 710 1804 quum
722 1737 840 1790 obsistere
852 1756 910 1790 ma·
975 1774 977 1793 ;

150 1816 179 1867 lis
195 1818 325 1881 nequirent
344 1817 457 1880 Petelini,
477 1817 572 1879 legatos
589 1820 696 1866 Romam
713 1816 745 1867 ad
762 1819 909 1888 praesidium

149 1895 286 1964 petendum
305 1893 432 1946 miserunt.
459 1900 567 1960 quorum
587 1909 671 1962 preces
689 1895 850 1967 lacrimaeque
868 1898 909 1961 (iu

150 1974 246 2042 quellus
259 1974 325 2023 enim
336 1973 437 2034 flebiles,
455 1987 532 2038 quum
546 1972 696 2040 sibimetipsi
708 1973 838 2027 consulere
849 1974 908 2040 jus·
975 2026 977 2033 ,

150 2053 168 2104 si
181 2053 246 2117 sunt,
263 2051 313 2104 sese
323 2054 350 2104 in
362 2052 483 2103 vestibulo
495 2053 569 2103 cutia
580 2052 755 2120 profuderunt)
772 2054 907 2120 ingentem

149 2129 345 2184 inisericordiam
357 2131 470 2182 Patribus
487 2146 516 2180 ae
531 2131 626 2198 populo
637 2143 782 2185 moverunt.
801 2133 905 2190 consul·

150 2211 220 2277 tique
241 2211 332 2262 iterum
351 2215 366 2260 a
383 2213 421 2262 M.
441 2211 584 2276 Pomponio
605 2221 712 2276 praetore
731 2213 825 2277 Patres,
851 2215 903 2265 cir·

149 2285 293 2354 cumspeslis
307 2286 422 2338 omnibus
439 2287 539 2354 imperii
551 2287 655 2350 viribus,
670 2287 744 2341 fateri
754 2289 843 2352 consti,
862 2292 906 2347 ni-

145 2363 183 2418 hil
192 2364 246 2428 jam
260 2364 401 2430 longinquis
413 2363 485 2416 sociis
501 2365 528 2417 in
539 2362 563 2418 se
573 2364 677 2431 graestdii
688 2365 743 2429 esse,
760 2367 841 2420 redire
851 2367 902 2422 do·

147 2459 226 2508 inum,
243 2442 339 2510 fideque
356 2443 387 2494 ad
404 2443 522 2496 ultimum
532 2443 642 2512 expleti,
658 2445 788 2497 consuere
800 2446 902 2500 ibimet
972 2478 977 2486 ·

146 2522 214 2592 ipsos
234 2524 260 2574 in
280 2523 402 2590 reliquum
414 2521 534 2590 ,presenti
551 2521 655 2593 fortuni
670 2521 802 2586 jusserint.
822 2528 902 2579 ‚Haee

146 2603 276 2674 poliquepr
292 2604 437 2658 renuntiata
451 2602 545 2668 legatio
562 2602 679 2654 Petelinis
692 2603 736 2667 eli,
752 2614 835 2658 tantm
856 2619 900 2656 re-

145 2685 220 2751 pente
231 2697 322 2732 moror
333 2697 463 2748 pavorque
480 2681 592 2731 senatum
609 2697 696 2732 eorum
707 2683 783 2749 cepit,
800 2695 831 2736 ut
839 2697 901 2751 pate

146 2759 315 2830 prosugiendi,
332 2761 381 2826 qui
402 2761 508 2827 quisque
521 2757 608 2827 posset,
623 2775 654 2832 ac
672 2760 812 2814 deserenda
827 2763 900 2819 urbis

146 2839 258 2892 ausiores
275 2835 363 2898 ell‘ent;
380 2851 445 2906 pars,
462 2836 563 2904 quando
579 2835 669 2895 deserti
685 2844 701 2890 ὲ
717 2839 844 2894 veteribus
854 2838 898 2892 so-

145 2921 192 2972 ciis
202 2917 286 2977 efflent,
302 2915 452 2980 adjungendi
471 2915 496 2964 se
512 2916 601 2967 ceteris
616 2917 727 2981 Bruttiis,
742 2934 774 2971 ac
789 2933 836 2987 per
851 2933 898 2970 eos

144 2993 249 3044 dedendi
268 2992 413 3040 Hannibali.
447 2991 518 3040 Vicit
534 3001 670 3043 tamenta.
682 3009 748 3061 pars,
763 2987 896 3062 quenibis

141 3067 235 3130 raptim
244 3075 389 3122 nectentere
399 3066 535 3138 agendum,
548 3069 776 3146 confluentiumque
784 3073 817 3128 ‹le
825 3075 896 3128 inte·

842 3166 893 3224 810
