2000 3709
257 289 259 294 -
329 261 502 312 mann
535 261 620 325 xxr„
804 274 851 327 ut

96 357 177 409 gnam,
190 344 216 398 ἃ
227 358 261 394 ex
273 347 417 414 propinquo
427 349 493 396 vires
504 347 615 398 conserte
626 345 707 397 veile:
726 354 813 398 eontra
824 365 851 398 e-

95 419 179 471 ludere
191 425 290 488 Plenus,
309 425 333 474 ἃ
351 435 413 488 arte,
431 441 483 474 non
500 412 536 486 ii,
552 442 604 475 rem
623 441 716 490 gerere,
733 427 852 480 navium·

94 513 151 562 que,
168 506 246 566 qu'am
258 502 373 552 virorum
384 514 428 552 aut
439 517 574 565 armorum,
591 504 665 552 malle
676 513 800 553 certamen
812 501 852 553 sa·

93 591 160 626 cere.
178 591 276 630 namut
292 580 365 632 sociis
376 581 509 632 navalibus
522 581 617 631 affatim
633 582 774 632 instruiiam
789 581 852 632 elas·

93 653 154 719 sem,
174 657 209 706 ita
225 659 328 726 inopem
342 659 423 708 milite
437 659 576 710 habebant:
593 659 627 722 ἃ,
644 659 720 710 fieubi
738 658 853 712 conserte

91 733 166 782 navis
176 732 244 797 esset,
261 735 453 802 haudquaquam
465 749 510 802 par
523 749 639 784 numerus
654 745 807 785 armatorum
816 749 852 789 ex

91 813 275 876 ea'pugnabat.
312 812 390 878 Quod
399 813 443 860 ubi
454 809 652 861 animadversum
661 813 702 875 est,
717 813 746 862 ,ἃ
755 816 852 863 Ιίοιυαη

90 888 131 938 nis
145 891 286 944 multitudo
301 889 344 941 sua
360 891 434 940 auxit
444 892 563 954 animum,
581 890 606 940 ἃ
618 893 729 957 paucitas
739 892 787 941 illie
801 891 852 941 mi·

89 969 159 1017 nuit.
195 971 334 1037 Extemplo
345 971 439 1036 septem
453 985 530 1019 naves
546 970 645 1018 Punica
655 969 852 1032 circumventam

89 1043 183 1112 sugam
201 1060 288 1099 eeterae
309 1060 437 1116 ceperunt.
461 1049 532 1098 Mille
543 1048 569 1098 u
580 1039 727 1114 septingenti
740 1045 811 1100 litere
822 1051 850 1100 in

88 1123 205 1175 navibus
226 1136 300 1194 eaptt,
317 1127 409 1176 milites
421 1137 565 1192 nautaque3
589 1125 666 1174 inhia
685 1134 733 1175 tree
752 1125 852 1176 nobiles

90 1203 349 1270 Karthaginiensium.
369 1205 452 1270 Classis
461 1207 574 1256 Romana
584 1203 725 1269 incolumis,
735 1207 783 1254 uni
791 1217 849 1259 tan·

89 1287 151 1331 tum
162 1283 289 1350 personata
300 1285 369 1347 navi,
387 1281 428 1332 sed
437 1284 465 1332 ea
474 1299 573 1349 quoque
582 1283 634 1349 ipra
643 1283 739 1343 reduce,
757 1285 783 1333 in
792 1297 849 1350 por*

89 1370 150 1411 tum
161 1361 245 1411 rediit.
281 1361 421 1412 Secundum
432 1361 495 1410 haue
506 1377 625 1428 pugnam,
641 1361 754 1410 nondum
766 1361 851 1424 gnari:

90 1441 158 1506 ejus,
172 1441 218 1507 qui
230 1439 347 1492 Messana
356 1451 433 1502 erant,
442 1441 485 1489 Ti.
496 1440 654 1508 Sempronius
663 1439 849 1496 consulMelsa·

88 1522 244 1571 namvenit.
282 1521 312 1570 Ei
326 1519 420 1570 sretum
435 1520 536 1570 intranti
552 1534 598 1569 rex
610 1519 689 1568 Hiero
700 1515 796 1568 classem
804 1533 849 1568 or-

88 1609 180 1649 natam
191 1599 296 1650 obviam
306 1600 397 1652 duxit:
416 1597 620 1664 transgressusque
629 1611 662 1647 ex
673 1597 741 1662 regia
751 1597 776 1646 in
785 1613 849 1666 pra·

88 1669 185 1727 toria'm
203 1693 308 1748 navemq
326 1677 462 1742 gratulatus
480 1677 597 1746 sospitem
617 1691 674 1727 tum
691 1679 804 1728 exercitu
820 1677 848 1729 dt

89 1756 202 1806 navibus
219 1754 353 1816 advenisse,
370 1755 531 1822 precatusque
549 1753 695 1822 prosperum
707 1751 849 1806 acselieent
872 1816 874 1825 Ι

88 1832 118 1882 in
129 1833 238 1882 siciliam
251 1833 394 1893 trantitum3
412 1831 499 1881 flatum
509 1831 598 1881 deinde
609 1830 693 1880 insulae
704 1831 729 1880 ἀ
740 1831 847 1880 Kartina-

89 1908 241 1972 ginienfinm
254 1923 344 1960 conata
355 1908 487 1974 exposuit:
504 1907 680 1976 pollicitusque
693 1907 735 1967 eil,
753 1921 806 1971 qno
818 1921 848 1956 a·

89 1985 163 2035 nimo
173 1985 257 2051 priore
269 1981 335 2034 bello
348 1985 469 2050 populum
481 1980 730 2045 Romanunjmenis
738 1977 848 2044 adjuvis-

89 2058 134 2122 set,
145 2076 177 2111 eo
189 2060 273 2110 senem·
283 2059 436 2123 adjuturum.
470 2061 636 2108 Frumentum
649 2059 851 2123 vestimentaque

63 2198 76 2208 ‚
89 2135 141 2188 sese
152 2137 296 2202 legionibus
308 2135 416 2188 consutis
430 2134 550 2201 sociisque
559 2135 690 2184 navalibus
698 2135 776 2198 gratis
783 2149 846 2202 prae·

89 2215 214 2267 biturum.
226 2215 318 2282 grande
326 2215 463 2284 periculum
471 2214 587 2282 Lilybaeo
595 2210 773 2279 maritimisque
781 2215 847 2266 eivi-

89 2295 184 2344 tatibus
196 2293 252 2359 esse,
271 2294 296 2343 ἃ
312 2291 459 2359 quibusdam
475 2293 618 2342 volentibus
629 2305 709 2350 noyaa
722 2306 762 2342 ree
779 2291 848 2345 sore.

91 2375 131 2422 Ob
150 2375 204 2423 haee
216 2371 313 2422 consuli
327 2371 389 2420 nihil
405 2370 569 2421 mallandum
585 2369 677 2433 visum,
691 2372 754 2436 quin
771 2372 845 2438 Lily..
867 2382 871 2390 ’

89 2451 173 2501 baum
183 2449 254 2500 classe
264 2459 359 2518 peteret
369 2468 375 2500 ι
394 2449 419 2499 u
428 2448 605 2515 rex'regiaque
619 2448 695 2498 elassis
702 2453 752 2499 una
761 2447 845 2516 prose·

89 2529 132 2580 ui.
150 2529 301 2593 navigantes
318 2527 384 2593 inde,
401 2529 539 2596 pugnatum
550 2525 582 2577 ad
599 2526 749 2594 Lilyhaenm,
767 2526 846 2581 susas·

80 2623 139 2676 que
151 2608 177 2659 ἃ
189 2617 275 2674 captas
287 2607 395 2658 hoslium
405 2623 490 2670 naves,
507 2620 633 2674 accepere.
716 2635 720 2640 ‚

123 2687 170 2734 LI.
190 2688 213 2734 A
223 2683 340 2750 Lilybaeo
350 2683 443 2746 consul,
461 2685 573 2733 Hierone
584 2697 640 2732 eum
650 2679 720 2732 classe
728 2682 795 2748 regia
805 2679 845 2733 di·

89 2757 170 2820 misso,
187 2758 324 2824 relisioque
339 2768 443 2824 pretore
457 2757 489 2808 ad
503 2757 716 2808 tuendamsieiliae
725 2773 804 2820 oram,
821 2759 844 2808 i-

90 2835 131 2904 pse
143 2837 169 2886 in
181 2835 288 2886 insulam
297 2835 419 2899 Melitam,
437 2851 490 2901 que
499 2841 514 2886 a
522 2834 766 2899 Karthaginienibur
775 2844 847 2883 tene-

90 2914 172 2978 batur,
189 2914 299 2979 trajecit.
336 2914 487 2964 Advenienti
506 2916 640 2978 Hamilcar,
661 2912 779 2977 Gisgonis
795 2911 845 2962 filt-

89 3007 126 3056 ns‚
143 2991 273 3061 prasettus
290 2991 401 3060 praefidit,
418 3009 475 3044 eum
485 2993 560 3062 paulo
571 2992 758 3043 minusduobus
765 2991 843 3042 milli·

89 3070 135 3128 bus
149 3071 269 3138 militum,
286 3070 457 3142 oppidumque
475 3087 533 3125 cum
550 3069 629 3127 insuta
645 3070 768 3126 traditur:
785 3070 848 3122 inde

433 3151 492 3242 Ha
786 3145 844 3215 pon
