2000 3709
323 277 346 327 L
363 278 380 329 1
394 280 413 329 ll
431 279 452 328 Ε
468 279 493 329 R'
507 310 511 318 ι
527 281 617 351 lixis.
796 296 851 351 ιη

91 376 159 417 nant
177 365 339 433 eonspettnn
357 368 482 420 redeuntis
500 370 547 419 filii
561 370 660 435 gandio‘
667 368 746 421 nimio
758 374 847 423 exan'»

89 453 192 493 matam.
228 450 346 497 Senatum
365 460 481 515 pretores
501 465 546 515 per
562 450 615 499 dies
630 451 725 515 aliquot
738 450 772 502 ab
788 462 851 502 orto

89 518 211 585 usquead
229 524 384 574 occidentem
401 524 477 575 solern
496 526 602 577 incuria
616 528 730 591 retinent,
748 527 847 578 consul·

87 607 176 663 rantes,-
194 616 306 664 quonam
318 602 391 668 duce,
409 614 452 653 aut
470 604 563 670 quibus
575 606 661 672 copiis,
678 605 753 656 refilli
765 604 847 656 villo·

83 673 154 725 ribus
169 678 253 727 Poenis
264 678 353 749 posset.

116 756 198 805 VIII.
219 755 363 823 Priusquam
382 759 441 810 satin
457 761 641 811 certasconfilia
658 759 740 825 essent,
756 774 850 829 repens

82 828 130 879 alia
143 832 282 882 nunciatur
294 834 389 885 clades:
408 837 602 903 quatuormillia
613 838 734 903 equitum,
743 852 799 887 cum
813 842 845 887 C.

84 910 212 960 Centenio
232 922 386 980 propraetore
401 916 476 964 milla
495 914 527 964 ad
545 916 665 979 collegam
684 914 719 964 ab
737 916 849 969 servilio

82 986 197 1051 eonsule,
211 988 237 1037 in
249 991 362 1053 Umbria,
380 997 430 1057 quo
441 993 495 1060 poll
509 1007 615 1059 pugnarn
627 992 658 1042 ad
668 993 845 1043 Trasimenum

82 1065 360 1117 auditam·auerterant
379 1071 435 1131 iter,
454 1068 486 1117 ab
505 1070 644 1119 Hannibale
662 1072 844 1121 circumventa.

83 1141 144 1205 Ejus
162 1144 204 1193 rei
220 1144 288 1195 sama
304 1147 380 1195 vari‘e
393 1147 514 1195 hominen
524 1146 615 1197 affecit
632 1164 696 1215 para,
714 1148 847 1214 occrrpatis

81 1222 185 1284 majore
204 1222 351 1286 egritudine
372 1224 469 1285 animis,
490 1225 579 1287 levem,
603 1240 636 1275 ex
655 1226 848 1292 comparatione

79 1296 209 1363 priorum,
221 1297 312 1347 ducere
323 1309 448 1349 recentem
455 1299 566 1365 equitum
573 1300 710 1363 jalluram:
723 1316 779 1369 para
789 1316 843 1352 non

80 1372 116 1437 id,
134 1374 209 1441 quod
220 1374 354 1439 acciderat,
371 1392 416 1443 per
433 1376 457 1425 se
469 1376 593 1442 aellimare,
610 1376 660 1439 sed,
675 1388 705 1427 ut
716 1379 743 1427 in
752 1378 845 1431 affeetu

79 1466 193 1519 corpore
203 1454 321 1518 quamvis
333 1454 397 1503 levia
414 1452 487 1503 eausa
497 1455 584 1519 magis,
602 1460 677 1521 quam
688 1454 774 1505 valido
785 1469 843 1518 gra·

80 1531 150 1596 vior,
160 1529 296 1581 sentiretur
302 1550 310 1593 3
326 1533 362 1582 ita
374 1542 428 1581 tum
436 1546 507 1596 angre
518 1531 643 1583 &assella
655 1532 753 1583 civitati
761 1530 843 1598 quod·

80 1623 194 1675 cumque
206 1608 303 1661 adversi
315 1610 438 1675 inciderit,
454 1626 506 1661 non
516 1626 598 1663 rerum
610 1611 788 1680 magnitudine,
798 1610 842 1664 sed

79 1687 182 1736 viribus
200 1689 350 1749 extenuaris,
368 1702 424 1753 qun
440 1687 512 1752 nihil,
529 1688 597 1754 quod
614 1698 770 1755 aggravaret,
786 1690 845 1757 pati

80 1762 190 1831 possent,
207 1764 376 1821 aeslirnandum
389 1762 445 1815 eise.
480 1768 568 1831 Itaque
579 1765 611 1816 ad
625 1766 769 1831 remedium,
783 1767 840 1832 jam

80 1842 220 1909 diuaeque
237 1842 399 1893 desiderarunt
416 1858 462 1893 nec
476 1844 626 1909 adhibitum,
643 1842 787 1895 ditlatorem
799 1844 840 1895 di·

79 1920 201 1985 cendum,
219 1922 310 1972 civitae
326 1921 454 1985 confugit:
474 1922 564 1989 &quia
576 1924 601 1973 ἀ
617 1921 702 1973 consul
712 1924 806 1987 aberat,
822 1926 840 1975 a

79 2015 132 2066 quo
144 2016 199 2051 uno
210 1998 261 2051 dici
277 1998 346 2067 posse
358 1999 491 2050 videbatur
497 2015 568 2062 ;.nec
583 2016 628 2068 per
638 2011 786 2069 occupatam
797 2016 839 2051 ar·

79 2080 128 2129 mis
140 2078 242 2133 Punicis
256 2080 354 2129 Italiam
366 2078 437 2127 facile
454 2090 508 2128 erat
524 2089 568 2129 aut
580 2078 708 2142 ntmcium,
726 2089 770 2128 aut
780 2080 839 2129 lite·

79 2170 119 2207 rae
130 2156 201 2205 mitti
208 2175 216 2217 ;
221 2167 273 2212 nee
284 2156 429 2207 distatorem
439 2158 548 2225 populus
557 2146 641 2206 'creare
651 2167 759 2224 poterat,
768 2160 838 2226 quod

80 2248 211 2299 nunquam
229 2244 290 2285 ante
305 2250 360 2286 eam
377 2235 443 2285 di'ern
454 2234 547 2287 fastum
558 2247 626 2286 erat:
644 2236 838 2305 prodittatorern

79 2313 187 2381 populus
205 2315 301 2367 creavit
319 2317 353 2377 Q.
367 2314 472 2363 Fabium
485 2315 636 2378 Maximum,
654 2314 680 2363 ἃ
693 2317 837 2381 magistrum

80 2391 195 2455 equitnm
210 2393 249 2439 M.
263 2390 406 2440 Minucium
418 2389 520 2441 Rufum.
556 2390 650 2456 Hisque
661 2393 791 2457 negotium
802 2395 836 2445 ab

81 2468 166 2519 senatu
178 2468 277 2530 datum,
290 2480 320 2519 ut
336 2483 422 2519 muros
440 2467 566 2534 turresque
578 2469 645 2518 urbia
656 2468 791 2533 firmarent,
808 2472 837 2523 de

79 2546 190 2615 presidia
203 2546 364 2615 disponerent
375 2547 536 2613 quibus-locis
547 2547 682 2612 videretur,
698 2549 838 2617 pontesque

79 2623 245 2676 rescinderent
263 2624 413 2675 fluminum:
430 2622 459 2672 ad
476 2635 574 2691 penates
585 2640 630 2692 pto
641 2626 703 2677 urbe
714 2626 835 2680 dniean·

78 2702 137 2753 dum
149 2701 206 2766 esse,
224 2700 325 2767 quando
338 2700 435 2749 Italiam
447 2702 672 2769 tuerinequlffent,
713 2739 718 2745 ,
754 2723 759 2731 ·
780 2761 783 2767 ,
866 2748 870 2756 ,

111 2784 162 2831 lx.
180 2779 309 2830 Hannibal
329 2778 396 2839 redo
413 2779 505 2840 itinere
518 2796 562 2848 per
574 2782 701 2833 Umbriam
712 2772 790 2850 usdue
801 2784 837 2836 ad

78 2860 207 2927 spoletum
219 2860 301 2909 venit.
320 2857 385 2920 inde,
403 2872 479 2923 quum
492 2860 657 2926 perpopulato
667 2878 729 2927 agro
743 2860 843 2912 urbem'

78 2951 223 3005 oppugnare
236 2936 339 2987 adortus
352 2936 417 2998 esset,
428 2951 490 2999 'cum
503 2953 593 3002 magna
601 2932 671 2990 'caede
680 2937 781 2989 suorum
793 2952 836 2989 re-

78 3016 166 3084 pastu,
185 3014 330 3079 conjeilans
346 3028 379 3065 ex
396 3014 468 3063 nnius
485 3015 591 3066 colonia
608 3016 674 3066 haud
685 3016 759 3065 nimii
771 3031 831 3084 pro-

77 3094 143 3164 {pere
155 3103 260 3146 tentate
271 3090 376 3159 viribus,
393 3100 485 3209 qiralnta
495 3093 573 3145 moles
584 3096 704 3148 Ronunae
714 3093 831 3206 mbissg'

448 3186 453 3193 .
466 3172 488 3218 3·
815 3193 827 3220 ,
