2000 3709
304 263 483 322 LIBER
517 265 628 319 xxm,
745 278 751 286 ’
790 272 849 328 275

78 371 277 432 requepugnam
287 363 428 414 conserere
437 360 565 412 ditiatorir
573 352 663 424 injud'n
672 356 846 423 auderettpu-

77 444 199 504 grandnm
218 455 310 494 autern
329 443 389 508 effe,
408 441 426 492 ti
445 442 528 510 palam
543 439 697 489 frumentum
722 439 845 503 importa-

80 531 122 585 ret,
137 523 265 590 videbat,)
284 539 374 590 neque
391 524 455 573 clam
474 518 624 590 importandi
642 519 697 587 spes
714 515 781 580 effer,
798 515 849 564 far-

80 613 114 662 re,
128 614 161 649 ex
177 597 245 666 agris
261 602 336 654 circa
351 600 462 667 undique
476 597 606 661 conveiio,
623 613 701 664 quum
716 594 848 663 complura

80 677 143 727 dolia
154 680 315 749 complesset,
336 681 457 730 nuncium
471 678 506 750 ,ad
525 677 694 742 magistratum
712 673 848 726 Caiilinum

84 755 151 823 misit,
166 771 197 810 ut
209 748 368 830 exciperent
377 759 453 822 dolia,
471 773 525 823 quae
536 757 615 806 amnis
626 755 741 806 deferret.
777 751 847 802 Inse-

85 839 166 900 quenti
179 838 263 903 noete,
283 841 389 892 intentis
406 837 524 887 omnibus
537 837 562 885 in
578 838 669 884 flumen
686 851 715 884 ac
733 833 801 900 spem
813 830 852 881 ab

87 918 174 966 nuncio
185 921 310 970 Romano
326 919 426 980 fastam,
444 915 511 966 dolia
519 913 602 964 medio
611 911 680 962 mitia
691 913 757 962 amni
769 909 848 959 deflu-

89 1007 192 1048 xerunt:
211 1001 344 1067 aequaliter
364 1000 430 1046 inter
447 1009 534 1044 omnen
552 989 705 1044 frumentum
724 987 849 1040 divisum.

90 1073 117 1124 tt
129 1077 226 1144 postero
245 1078 350 1146 quoque
368 1075 408 1126 die
425 1089 455 1125 ac
472 1073 549 1123 tertio
565 1071 657 1123 [adium
674 1070 716 1120 est.
735 1068 808 1119 nodie
820 1067 847 1119 k

92 1155 254 1208 mittebantur
274 1158 301 1208 ἀ·
323 1153 522 1224 perveniebant:
547 1167 579 1202 eo
599 1150 721 1200 custodias
738 1147 847 1199 hostium

95 1315 162 1379 mnis,
180 1314 327 1366 transverso
337 1315 434 1363 vortice
446 1311 513 1361 dolia
525 1309 625 1378 impulit
634 1308 665 1359 ad
674 1308 762 1375 ripam,
774 1319 851 1372 quam

98 1393 171 1444 hostes
182 1393 329 1445 servabant.
347 1393 383 1444 ibi
400 1393 518 1442 harentia
535 1390 599 1440 inter
616 1389 710 1439 obnata
725 1386 785 1453 ripis
797 1383 854 1433 sali·

97 1463 346 1542 diacon'ipiciuntur:
365 1473 557 1536 nunciatumque
569 1465 705 1519 Hannibali
717 1465 757 1528 est,
776 1464 801 1514 ἃ
810 1463 855 1514 do·

98 1549 150 1600 inde
165 1553 303 1603 intentiore
319 1549 428 1606 custodia
441 1559 551 1610 cautum,
569 1561 599 1595 ne
609 1543 669 1612 quid
681 1542 776 1592 falleret
786 1541 852 1590 Vui-

100 1638 170 1680 mrno
178 1629 210 1680 ad
218 1623 310 1681 urbem
320 1626 425 1678 missum.
461 1629 545 1676 Nuces
554 1634 638 1673 tamen
648 1621 706 1672 fusa
716 1621 748 1671 ab
757 1624 853 1670 Roma·

100 1705 134 1754 nis
143 1706 236 1770 castris,
254 1680 432 1772 quummedid·
442 1701 510 1751 amni
521 1700 552 1749 ad
565 1699 696 1749 Cafiiinum
707 1697 858 1764 defluerent,

102 1783 207 1834 cratibus
223 1783 419 1852 excipiebantur.
456 1781 580 1831 Postremo
595 1777 625 1827 ad
641 1777 666 1827 id
680 1787 785 1826 ventum
797 1778 855 1825 ino·

103 1861 145 1930 pia:
158 1864 201 1926 est,
220 1875 253 1912 ut
263 1857 317 1913 lora
328 1857 499 1926 detraiiasqu'e
512 1855 587 1907 scutis
601 1856 684 1924 pelles,
700 1855 744 1903 ubi
757 1850 855 1902 fervida

103 1941 233 1993 mollissent
241 1943 314 2008 aqud,
330 1939 445 1990 mandere
458 1945 616 1997 conarentur,
633 1927 679 1982 nec
699 1932 811 1981 muribus
827 1945 857 1979 a·

103 2021 168 2073 trove
177 2022 281 2073 animali
290 2019 445 2080 abstinerent,
463 2017 489 2067 dt
501 2029 576 2066 omne
588 2013 721 2062 herbarum
731 2009 858 2068 radicum,

107 2117 150 2167 que
162 2115 240 2166 genus
255 2094 493 2164 aggeribur'infimis
507 2095 573 2142 muri
586 2100 712 2150 eruerem
729 2089 762 2153 ur,
780 2099 863 2154 quum·

107 2176 336 2234 hostesobardisent
352 2171 471 2241 quidquid
489 2170 587 2220 herbidi
605 2169 700 2220 terreni·
714 2177 785 2217 extra
802 2171 857 2216 mtr-

108 2270 161 2310 ntm
181 2268 242 2319 erat,
267 2267 385 2322 raporum
405 2251 487 2302 semen
508 2247 654 2311 injecenmt,
671 2257 700 2295 ut
723 2243 859 2305 Hannibal,
903 2276 908 2282 .

110 2339 168 2388 Eone
184 2337 246 2403 usque
266 2333 316 2381 dum
334 2347 358 2380 ea
375 2332 494 2398 nascantur,
512 2328 540 2376 ad
557 2325 673 2390 Crnfiiinnm
684 2323 775 2392 ftffinns
786 2323 865 2389 sum?

110 2405 271 2468 exclamaret:
280 2411 314 2473 Bt,
324 2409 469 2476 quintillam
479 2416 552 2455 antea
562 2401 700 2472 padionem
707 2403 807 2452 auribus
818 2397 861 2450 ad=

111 2492 212 2555 miserat,
231 2499 285 2538 turn
302 2485 402 2547 demum
418 2483 458 2548 agi
476 2483 558 2531 secum
571 2477 608 2526 est·
623 2475 701 2544 passus
722 2476 752 2526 de
764 2474 864 2525 tndem·-

113 2571 193 2638 ptione
202 2567 339 2616 liberorum
351 2560 468 2628 capitum.
487 2577 493 2584 ¹·
504 2561 638 2624 Septunces
650 2553 705 2602 auri
714 2554 739 2602 in
752 2552 867 2618 singulos,

115 2649 219 2717 pretium·
234 2640 365 2694 convenit.
400 2636 461 2688 Fide
484 2633 594 2701 accepti,
620 2631 670 2681 sese
689 2629 860 2681 tradiderunt:

116 2727 188 2778 donec
200 2737 275 2773 omne
286 2709 374 2767 aurum
387 2714 538 2784 persolutum
546 2713 594 2776 est,
611 2711 638 2760 in
647 2710 754 2759 vinculis
765 2708 867 2757 habirit:

116 2818 166 2860 mm
176 2799 270 2855 remiffi.
276 2803 367 2848 Cumas
382 2811 439 2846 cum
454 2792 512 2842 fide.
547 2781 673 2841 Idverius
684 2789 724 2852 eii,
743 2786 817 2850 quam
829 2785 871 2834 ab·

118 2887 194 2954 equite
205 2885 235 2933 in·
243 2879 362 2931 abeuntes
373 2871 479 2926 immiss'o
490 2870 646 2922 interfeiios.⁴
662 2865 799 2917 Praenestini
808 2879 863 2910 ma·

118 2958 183 3018 xima
200 2975 256 3029 para
273 2957 357 3006 fuere.
378 2967 411 3002 ert
428 2951 570 3017 qulngentis
587 2945 752 3014 septuaginta,
774 2940 817 3004 qui
837 2938 871 2988 im

121 3039 225 3112 prasidio
242 3032 352 3094 inerunt,
374 3031 463 3080 minus.
473 3026 605 3095 dimidium
625 3023 724 3071 ferrum
738 3013 873 3081 famesque·
893 3022 895 3025 '

94 3113 98 3118 ’
121 3114 261 3187 absumsit:
279 3109 354 3165 ceteri
361 3105 499 3161 incolumes
510 3101 629 3158 Praeneste
636 3113 695 3149 cum
703 3105 808 3164 praetore
820 3093 874 3174 snm

436 3186 507 3236 mn
749 3169 876 3227 manteia>

568 3280 582 3304 ί
