2000 3709
169 284 220 369 spo
327 325 330 332 ·
374 364 381 379 ,
432 306 470 359 Τ.
505 293 662 359 leli

168 398 281 464 primum
290 395 385 447 donum
394 394 486 449 iulmen
495 414 597 450 aureum
608 396 694 467 pondo
703 396 888 465 quinquaginta
899 378 932 448 fl·

171 485 237 536 eret;
254 476 347 541 Junoni
360 476 531 547 Minervaeque
548 492 581 527 ex
597 485 701 542 argento
712 475 779 526 dona
790 474 930 535 darentur;
979 501 980 542 ;

165 552 197 604 ·&
208 556 302 619 Junoni
313 555 414 619 Regina
425 556 450 605 in
462 557 601 618 Aventino,
611 549 754 621 Iunonique
766 552 870 621 Sospita
878 556 932 602 La-

170 634 244 681 nuvii
266 632 404 695 majoribus
426 634 510 683 hostiis
532 623 725 694 sacrificaretu'r5
746 635 932 697 matronaeque,

170 711 276 777 pecunia
287 712 384 773 collata,
401 722 522 778 quantum
533 704 647 761 conferre
662 711 752 777 cuique
763 710 932 760 commodum

171 786 237 851 esset,
255 788 349 839 donum
370 792 463 855 Junoni
481 791 583 855 Regina
600 791 625 839 in
645 790 801 838 Aventinum
820 788 928 853 ferrent,

170 864 391 935 leflillerniumque
402 867 486 931 fieret;
505 870 565 933 quin
578 869 603 918 dt
617 868 737 917 libertina
746 877 776 915 ut
792 865 860 933 ipsse,
877 882 940 915 un«

170 938 205 995 de
218 947 330 997 Feroniae
347 946 440 997 donum
459 947 567 1010 daretur,
584 947 714 1013 pecuniam
732 960 780 1012 pro
798 945 928 995 facultati·

170 1020 218 1071 bus
230 1021 279 1072 suis
291 1023 440 1074 conferrent.
467 1023 527 1073 liaec
538 1022 583 1073 ubl
595 1022 666 1084 sada,
683 1022 822 1072 decemviri
836 1021 928 1073 Ardea

170 1096 198 1147 in
209 1096 267 1149 foro
283 1100 421 1165 majoribus
436 1098 522 1148 hostiis
538 1096 716 1148 sacrificantur.
734 1096 859 1165 poliremd
874 1101 927 1148 De·

171 1176 266 1227 tembri
276 1178 328 1241 jam
340 1178 422 1229 mense
431 1177 461 1228 ad
470 1176 547 1227 aedem
557 1178 654 1226 Saturni
666 1178 753 1226 Romae
760 1176 927 1228 rmmolatum

171 1254 214 1320 est,
231 1254 452 1324 leulsterniumque
463 1258 622 1325 imperatum,
639 1256 675 1318 (de
685 1270 742 1304 eum
752 1254 844 1304 tetrum
856 1256 927 1305 sena-

172 1344 239 1386 tores
251 1335 398 1400 llraverunt)
415 1338 440 1387 de
458 1334 607 1385 convivium
625 1333 768 1401 publicum
785 1350 815 1382 ac
826 1348 873 1400 per
884 1346 928 1382 ur-

982 1241 984 1282 l

982 1285 983 1328 l

982 1335 983 1374 l

169 1410 230 1463 bern
248 1415 384 1463 Saturnalia
401 1413 466 1462 diem
484 1427 514 1461 ac
531 1410 630 1461 nodiem
646 1412 787 1473 clamatum,
806 1408 928 1477 populus·
982 1405 983 1408 ’

171 1504 221 1557 que
233 1498 290 1542 eum
301 1490 366 1543 diem
377 1490 464 1543 sellom
477 1489 564 1540 habere
580 1505 610 1539 ae
627 1486 725 1539 servare
737 1489 763 1538 in
774 1499 928 1554 perpetuum

169 1566 257 1633 juiius.

206 1648 242 1696 ll.
260 1645 328 1697 Dum
346 1636 431 1697 consul
449 1636 574 1714 placandis
585 1643 673 1696 Roma
684 1634 740 1694 Diis
750 1633 927 1711 trahendoque

170 1722 267 1775 delestu
284 1724 327 1775 dat
343 1740 453 1791 operam,
471 1725 604 1786 Hannibal,
622 1722 745 1791 profestos
756 1736 790 1771 ex
802 1723 926 1788 hibernis,

170 1802 292 1870 quiajam
302 1802 450 1853 Flaminium
464 1802 589 1853 consulem
602 1802 726 1851 Arretium
738 1800 878 1867 pervenilie
887 1801 925 1855 fa·

171 1890 214 1932 ma
225 1890 285 1945 erat,
299 1887 376 1946 quum
388 1878 454 1929 aliud
466 1880 575 1945 longius,
584 1883 695 1929 ceterum
706 1877 876 1942 commodius,
888 1879 927 1929 os·

171 1958 314 2009 tenderetur
331 1959 386 2019 iter,
403 1958 548 2025 propiorem
567 1958 636 2006 viam
654 1970 699 2023 per
715 1954 833 2023 paludem
853 1957 925 2023 petit,

171 2039 221 2105 qud
231 2027 323 2087 fluvius
336 2040 416 2086 Arnus
428 2051 527 2103 percos
542 2035 594 2086 dies
608 2034 682 2085 solito
692 2034 772 2098 magis
782 2034 927 2084 inundave-

169 2125 218 2166 tat.
253 2113 376 2183 Hispanos
388 2114 413 2163 a
426 2113 509 2177 Asros,
524 2112 559 2176 (id
572 2125 646 2163 omne
656 2112 770 2163 veterani
780 2122 836 2163 erat
847 2112 926 2162 robur

169 2189 304 2253 exercitus)
315 2189 431 2241 admixtis
442 2188 553 2256 ipsorum
564 2189 754 2257 impedimentis,
765 2189 857 2238 necubi
868 2204 927 2238 con-

169 2258 248 2317 irilere
268 2266 358 2317 coadl'is
378 2265 506 2315 recellaria
523 2266 554 2316 ad
568 2266 626 2317 usus
642 2266 756 2329 deessent,
773 2268 871 2332 primos
886 2265 925 2314 ire

168 2344 250 2411 judit:
268 2344 335 2412 sequi
348 2336 442 2408 Gallos,
458 2355 488 2393 ut
504 2344 534 2394 id
542 2346 648 2410 agminis
661 2344 772 2395 medium
784 2343 859 2405 elset5
876 2358 923 2393 no·

167 2422 278 2473 villimos
287 2424 322 2473 ire
332 2420 439 2489 equites:
454 2424 591 2487 Magonem
600 2420 657 2474 inde
668 2431 723 2472 eum
733 2423 858 2490 expeditis
867 2426 923 2474 Nu-

170 2498 244 2549 midis
256 2514 345 2565 eogere
362 2514 460 2564 agmen,
477 2502 586 2550 maxime
601 2500 695 2563 Gallos,
712 2499 817 2552 litaedio
829 2502 925 2552 laboris

169 2575 301 2643 longaque
312 2580 361 2628 viae
377 2578 415 2640 [ut
426 2576 459 2625 est
469 2578 551 2627 mollis
561 2577 592 2628 ad
603 2578 662 2627 talia
672 2582 741 2644 gens)
752 2578 925 2630 dilaberentur

168 2665 214 2705 aut
225 2654 385 2720 subsisterent,
402 2656 570 2706 cohibentem.
604 2657 689 2719 Primi,
705 2658 753 2722 qua
767 2658 848 2708 modd
859 2674 924 2726 prae-

169 2734 235 2784 irent
246 2732 318 2783 duces
329 2751 373 2801 per
384 2734 495 2807 praealtas
507 2733 577 2783 fluvii
589 2750 617 2783 ac
630 2732 765 2799 profundas
777 2738 924 2800 voragines,

169 2810 248 2862 hausti
266 2816 327 2878 pene
344 2812 405 2861 limo
423 2809 643 2877 immergentesque
659 2807 692 2874 se,
710 2819 793 2859 tamen
805 2811 873 2877 signa
883 2813 924 2863 se·

168 2890 318 2955 quebantur.
353 2888 421 2937 Galli
440 2903 520 2953 neque
537 2887 651 2937 sustinere
665 2886 690 2936 se
706 2888 820 2955 prolapli,
838 2904 924 2956 neque

169 2966 290 3030 assurgere
307 2979 341 3016 ex
358 2965 520 3029 voraginibus
537 2976 669 3032 poteram
684 2976 729 3015 aut
745 2982 853 3034 corpora
865 2971 922 3019 ani·

168 3040 226 3099 mis,
242 3050 286 3089 aut
302 3040 458 3106 animos·spe
475 3038 638 3089 sustinebant:
655 3041 698 3089 alii
715 3040 774 3089 sella
791 3058 857 3107 aegre
869 3054 922 3093 tra-

167 3112 255 3167 nentes
271 3118 396 3180 membra5
419 3116 471 3180 alti,
492 3117 537 3169 ubi
553 3117 627 3169 semel
647 3116 718 3171 vidis
736 3119 812 3171 taedio
828 3122 924 3173 animis

823 3212 920 3266 procu·
