2000 3709
146 227 196 285 536
403 227 441 276 Τ.
476 225 635 278 Ltvl1

144 315 207 366 viris
217 315 357 380 immolate,
376 317 401 368 dt
415 316 545 368 fimulacra
555 317 682 387 cupressea
693 319 720 369 in
731 318 811 371 adem
823 319 910 373 illata.

178 397 333 446 xxxvrrr.
352 397 461 446 nitente
471 398 582 464 placatis,
600 397 847 450 tereuumconsutes
857 401 908 451 na·
983 393 992 422 ¹

144 469 237 521 bebant
248 473 328 524 aerius
341 474 515 540 intentiusque,
531 481 605 541 quarn
617 476 743 542 prioribus
753 479 828 528 annis
836 477 908 543 quis-

143 561 219 614 quam
227 551 371 600 meminerat
380 551 503 601 habitum.
521 567 578 601 nam
588 553 613 602 de
623 552 682 602 belli
697 564 781 603 terror
788 553 907 620 duplica·

144 635 183 676 tus
194 627 257 677 novi
269 627 342 679 hostia
357 629 383 680 in
399 630 496 680 Italiam
508 629 635 679 adventu:
654 631 679 680 dt
688 631 907 695 mintujnventu-

144 703 245 770 linerat,
257 707 321 756 unde
334 707 466 757 scriberent
475 708 575 757 militen.
610 711 699 774 Itaque
707 709 815 759 colonos
823 711 906 759 etiam

144 785 291 848 maritimos,
316 785 359 851 qui
376 785 552 836 sacrosansiam
573 787 734 838 vacationem
752 787 906 838 dicebantur

143 857 244 925 habere,
267 861 325 912 dare
342 863 432 912 milites
451 863 585 936 cogebant.
611 864 702 929 quibua
717 863 904 927 recusantibue,

144 937 244 988 edixere
257 940 282 990 in
294 939 360 990 diem
369 953 473 1003 certam,
490 953 527 1003 ut,
545 941 774 1008 quoquisquejure
786 944 904 994 vacatio-
989 968 992 975 ⁴

143 1029 200 1066 nern
210 1015 318 1079 baberet,
326 1017 357 1068 ad
366 1017 476 1066 senatum
487 1010 602 1067 deferret.
637 1019 672 1067 Et
680 1017 721 1068 die
732 1020 758 1067 hi
769 1021 859 1086 populi
868 1019 903 1071 ad

143 1091 254 1144 senatum
272 1105 409 1145 venerunt:
436 1095 557 1159 Ostiensis,
581 1095 703 1159 Alsiensis,
723 1099 823 1161 Antiana,
845 1101 901 1148 An·

143 1185 227 1234 xuras,
244 1171 429 1238 Minturnense,
447 1173 609 1239 Sinuessanus,
626 1175 653 1224 de
671 1175 705 1224 ab
721 1174 814 1242 supero
833 1177 899 1228 mari

77 1281 84 1292 ι
142 1250 260 1303 Senensis.
296 1257 382 1318 Quum
398 1253 544 1302 vacationes
558 1251 612 1302 snas
626 1252 731 1319 quisque
741 1256 898 1323 populuare·
987 1253 991 1259 '

143 1331 245 1392 citarem
257 1331 355 1393 nullius,
368 1347 445 1396 quum
459 1332 484 1380 in
497 1331 570 1380 Italia
581 1331 656 1381 hosis
666 1330 733 1397 essct,
746 1344 837 1400 prater
848 1338 902 1383 Au·

142 1408 229 1460 tintem
245 1408 434 1476 Ostiensemque,
452 1409 552 1459 vacatio
564 1407 756 1459 observata'este
774 1412 801 1460 de
811 1426 897 1462 earum

141 1487 298 1538 coloniarum
308 1485 419 1551 juniores
432 1485 594 1551 jurejurando
603 1487 690 1552 adasti,
708 1487 782 1554 supra
790 1489 845 1538 dies
856 1489 899 1538 tri·

141 1565 211 1630 pinta
227 1579 277 1615 non
291 1565 476 1632 pernotlaruroe
491 1564 520 1614 se
535 1564 581 1614 else
597 1577 668 1615 extra
679 1566 770 1615 moenia
788 1566 899 1618 colonie

141 1639 198 1703 suae,
215 1640 295 1692 donec
308 1643 381 1697 hostis
393 1643 417 1692 in
434 1642 505 1692 ltalia
517 1642 583 1694 esset.
619 1646 705 1706 Quum
715 1657 804 1692 ornnes
813 1643 898 1693 censo·

140 1729 203 1784 rent,
223 1721 306 1788 primo
322 1733 423 1788 quoque
439 1731 554 1788 tempore
573 1719 714 1770 consulibus
731 1719 845 1770 eundum
862 1719 896 1772 ad

141 1797 242 1864 bellum,
260 1795 327 1859 (nam
338 1798 363 1847 dt
374 1797 521 1849 Hasdrubali
536 1796 715 1848 occurrendum
731 1795 779 1846 else
794 1796 895 1848 descen·
989 1798 992 1825 ³

140 1872 210 1924 denti
226 1871 259 1922 ab
275 1873 387 1940 Alpibus,
405 1889 436 1924 ne
454 1875 541 1924 Gallos
558 1871 703 1940 Cisalpinos,
721 1888 787 1922 neve
800 1875 896 1924 Etruri-

140 1963 192 2014 am,
209 1949 314 2000 credam
331 1951 355 2000 in
371 1949 439 2016 spem
448 1963 530 1999 rerum
538 1964 671 2012 novarum,
688 1945 849 1999 sollicitaret:
869 1951 897 2002 ἃ

140 2027 306 2080 Hannibalem
321 2028 365 2078 suo
378 2029 480 2096 proprio
494 2025 668 2092 occupandum
682 2026 758 2088 bello,
776 2042 896 2078 neemen-

140 2121 199 2171 perc
213 2119 246 2154 ex
257 2105 356 2156 bruttiis
367 2116 441 2170 atque
452 2107 555 2154 obviam
568 2104 639 2153 fratri
654 2105 690 2152 ire
698 2102 786 2170 posset)
803 2105 895 2155 liniue
988 2102 989 2107 ’

141 2181 316 2250 eunslabatun
330 2199 421 2251 parurn¹
430 2182 507 2232 fidens
517 2181 615 2231 suarum
626 2182 814 2247 provinciarum
824 2196 894 2232 exer*

141 2261 246 2311 estibus:
265 2257 384 2326 collegam
399 2275 432 2310 ex
443 2261 543 2311 duobus
555 2257 725 2308 consularibus
733 2261 839 2324 egregiis
849 2273 894 2311 ex·

138 2339 267 2400 ¹ercitilurs,
285 2341 309 2388 de
323 2341 406 2402 tertio,
423 2339 463 2388 cui
480 2343 514 2402 Q.
532 2337 649 2388 Claudius
658 2338 764 2386 Tarenti
777 2337 892 2404 preesset,

107 2429 109 2438 ·
139 2413 285 2465 eleslionem
298 2419 401 2478 babere.
419 2417 585 2480 intuleratque
601 2415 754 2464 mentionem
769 2414 802 2463 de
821 2416 894 2466 volo·

139 2495 212 2544 nibus
221 2495 368 2544 revbcandis
376 2495 407 2544 ad
419 2495 493 2558 figna.
522 2499 623 2542 Senatus
630 2493 734 2541 liberam
744 2492 891 2558 potestatem

138 2571 282 2622 consulibus
294 2569 360 2634 serit,
378 2571 403 2621 de
415 2569 544 2637 supplendi
554 2568 730 2631 undevellent,
748 2567 892 2632 &eligendi
986 2590 987 2601 ³

139 2647 170 2697 de
180 2648 285 2714 omnibu
305 2648 464 2708 exercitibus,
480 2660 544 2710 quoa
556 2646 657 2706 vellent,
675 2645 892 2711 permutandique,
960 2649 963 2652 ’
983 2658 987 2697 1

134 2725 166 2776 'de
181 2740 214 2775 ex
226 2725 370 2792 provinciis,
387 2739 450 2790 quos
464 2727 477 2772 ἐ
491 2723 619 2789 republica
634 2722 760 2772 censerent
770 2721 827 2783 else,
844 2735 893 2772 tra.
985 2734 986 2785 ζ

138 2801 256 2854 ducendi.
291 2803 325 2850 Ea
338 2803 428 2851 omnia'
440 2815 496 2850 cum
509 2800 605 2850 summa
616 2799 751 2851 eoncordia
761 2798 893 2853 consulum
985 2788 986 2803 ¹

138 2877 202 2928 asin.
240 2879 350 2929 Volones
364 2880 388 2928 in
404 2877 652 2926 undevicesimum&
662 2876 894 2941 vicesmamlegio·
984 2892 985 2913 ¹

136 2969 180 3002 nes
187 2953 281 3018 scripti.
318 2957 413 3018 Magni
422 2955 520 3003 roboris
536 2957 681 3004 auxilia'ex
693 2955 813 3020 Hispania
829 2970 891 3018 quo·
978 2940 986 3001 't

136 3041 184 3093 que
198 3031 255 3081 21³.
270 3031 386 3097 Scipione
394 3034 433 3082 M.
443 3031 523 3083 Livio
529 3031 599 3084 nitu
607 3032 749 3100 quidamad
758 3031 785 3106 id
795 3032 888 3085 bellurn

773 3107 887 3164 anunm
