2000 3709
167 355 257 417 gentem
269 344 351 411 latere,
368 364 409 399 vos
414 348 471 413 stilos
476 348 560 413 julum
569 347 686 414 imperium
697 347 725 399 ὑ
734 345 853 413 auspicium
862 344 923 397 unit

171 426 299 492 militiaque.
333 428 408 491 AEqui
421 425 488 473 adbuc
507 427 632 491 prosperum
639 425 745 492 plebeium
758 442 785 473 ac
801 427 922 491 patricium

167 506 226 571 suit,
240 516 344 571 porroque
364 505 415 553 crit.
450 504 488 551 En
504 518 596 568 aequm
608 503 677 566 ,fanto
695 502 791 565 amisis,
816 502 922 567 patricios

170 580 292 649 primbeffe
300 580 381 644 salins,
399 596 439 629 uon
450 580 476 628 de
486 580 536 628 culo
550 578 653 645 demifflm
664 581 705 645 sed
714 583 749 646 qui
757 589 846 646 patrem
862 581 922 627 ciere

170 656 259 723 poffcnt,
276 657 300 704 id
306 656 343 719 est,
359 655 413 705 nilis
419 656 477 703 ultre
487 657 552 723 quim
562 657 683 721 ingemens?
707 656 870 720 Consuscmjam
876 666 921 721 pa·

170 743 228 784 erem
238 735 294 782 ciere
306 722 395 800 poffitm,
413 749 519 799 auumque
527 734 579 797 jam
587 733 669 798 poterit
678 734 739 798 filus
747 749 814 782 mete.
850 725 922 782 Nili!

172 810 203 874 est
214 810 272 859 aliud
288 810 311 858 in
327 826 359 873 re,
378 810 485 873 Quirites,
502 808 542 873 nijs
554 818 578 857 nt
588 811 659 858 omnia
674 819 751 876 negata
766 811 920 876 adipissamur.

171 891 286 938 Certamen
295 890 378 937 tantum
384 889 474 953 patricii
485 896 571 954 petum,
587 902 625 935 net
639 898 722 950 curum,
738 904 799 955 quem
815 898 921 937 eventum

169 966 310 1015 certaminum
322 963 418 1013 babeant.
440 964 489 1029 Ego
498 962 550 1011 ham
559 963 636 1029 legem,
653 965 707 1029 quod
715 963 798 1025 bonum,
810 964 919 1038 faustum,

164 1042 264 1107 filiaque
282 1051 300 1089 tt
311 1040 372 1091 volis
383 1055 408 1088 ac
419 1039 542 1105 reipublice,
559 1041 591 1088 uti
602 1056 674 1107 rogas,
686 1039 803 1104 jubendum
812 1043 893 1106 censeo.

204 1120 253 1166 ΙΧ.
271 1122 367 1167 Vocare
380 1116 457 1165 tribus
469 1116 597 1183 extemplo
605 1118 711 1182 populus
720 1116 831 1180 jubebat,
840 1130 918 1183 appa-

170 1196 288 1261 rebatque
300 1196 379 1261 accipi
391 1196 486 1259 legem:
498 1196 540 1243 ille
551 1206 632 1244 tamen
643 1195 694 1243 dies
706 1195 738 1243 esi
749 1195 919 1243 intercessione

172 1270 287 1323 sublatus.
313 1274 407 1339 postero
419 1274 469 1335 dic,
487 1271 608 1321 deterritis
619 1272 731 1333 tribunis,
747 1273 840 1335 ingenti
856 1286 918 1320 con·

171 1350 243 1400 sensu
254 1362 355 1417 accepta
366 1351 407 1399 est.
442 1352 574 1401 Pontifices
586 1362 699 1400 creantur
715 1350 797 1400 suasor
811 1351 871 1414 legis
888 1353 917 1400 P.

169 1429 262 1479 Decius
273 1433 339 1492 Mus,
357 1431 383 1477 Ρ.
397 1431 555 1495 Sempronius
573 1429 677 1494 sophus,
694 1432 724 1477 C.
738 1428 847 1476 Marcius
864 1430 917 1476 Ru·

169 1506 235 1569 titus,
253 1511 291 1556 M.
309 1507 398 1556 Livius
419 1510 520 1557 Denter.
554 1507 671 1571 Quinque
688 1518 792 1569 augures
812 1506 873 1553 item
884 1504 916 1554 de

168 1581 248 1649 plebe,
275 1586 306 1631 G.
325 1582 459 1645 Genucius,
478 1586 506 1631 P.
524 1583 603 1630 AElius
619 1584 705 1643 Paetus,
729 1585 768 1631 M.
786 1581 915 1629 Minucius

168 1657 258 1720 Fessus,
279 1662 307 1706 C.
329 1660 446 1720 Marcius,
466 1662 500 1708 T.
523 1660 648 1708 Publilius.
683 1662 722 1707 lta
739 1657 797 1706 osto
811 1656 916 1723 pontifi-

167 1748 235 1797 cum,
254 1749 345 1783 novcm
358 1750 480 1799 augurum
495 1750 610 1784 numerus
622 1734 707 1784 satius.
742 1734 837 1783 Eodem
848 1745 915 1783 anno

168 1815 208 1861 M.
222 1812 333 1860 Valerius
346 1808 429 1862 consul
448 1812 478 1860 de
495 1814 676 1878 provocatione
687 1814 766 1876 legem
775 1811 841 1874 tulit,
859 1811 915 1860 dili-

166 1890 262 1954 gentius
274 1887 387 1938 sanilam.
405 1884 478 1939 tertio
495 1906 524 1938 ea
538 1902 594 1940 tum
607 1890 661 1957 post
671 1906 738 1955 reges
750 1890 849 1939 exailos
865 1890 915 1938 lata

165 1968 206 2030 cll,
225 1966 317 2032 semper
331 1971 345 2014 a
357 1965 448 2014 satuilia
460 1967 556 2016 eadem.
593 1965 696 2017 Causam
707 1967 855 2016 renovanda
871 1968 914 2016 sae·

168 2044 222 2109 pius
234 2041 298 2091 haud
309 2042 382 2090 aliam
394 2041 462 2091 suine
473 2059 537 2107 reor,
555 2049 627 2109 quam
638 2043 702 2109 quud
714 2044 767 2109 plue
778 2058 915 2109 paucorum

167 2132 234 2184 opes,
259 2124 332 2183 quum
351 2118 448 2168 libertas
467 2120 553 2187 plebis,
570 2132 693 2188 poterant.
727 2123 814 2171 Porcia
832 2133 914 2171 tamen

164 2198 207 2245 lex
226 2194 276 2245 sola
293 2211 338 2263 pro
357 2208 426 2260 tergo
445 2200 539 2247 civium
557 2200 607 2247 lata
625 2198 738 2249 videtur:
757 2198 824 2264 quod
840 2202 912 2263 gravi

165 2274 244 2341 poeni,
261 2273 277 2322 ti
294 2274 347 2337 quis
359 2276 505 2325 verberlllet
518 2276 650 2325 necassetve
667 2278 748 2326 civem
760 2282 913 2341 Romanurn,

111 2388 118 2395 .
162 2346 253 2402 sanxit.
288 2351 386 2399 Valeria
397 2352 446 2415 lex,
464 2366 542 2417 quum
551 2367 616 2416 eum,
628 2354 670 2420 qui
682 2353 845 2420 provocasset,
858 2355 911 2403 vir·

167 2430 204 2496 gis
216 2428 283 2492 caedi,
301 2428 428 2495 securique
439 2430 520 2480 necari
532 2430 652 2494 vetuisset,
668 2431 685 2480 st
697 2434 751 2497 quis
761 2432 876 2482 adversus
884 2448 914 2481 ea

162 2504 262 2569 fecisset,
278 2506 339 2554 nihil
351 2508 421 2570 ultra,
439 2514 513 2572 quam
523 2509 634 2575 improbe
647 2507 754 2572 salium,
763 2510 861 2573 adjecit.
879 2509 910 2559 td

161 2583 277 2647 (quitum
292 2581 372 2649 pudor
386 2585 516 2633 hominum
528 2590 589 2651 erat)
607 2586 698 2647 visum,
720 2585 802 2648 credo,
819 2586 911 2635 vincu-

163 2664 214 2712 lum
233 2656 288 2706 satie
306 2658 415 2708 validum
432 2660 500 2723 legis.
518 2676 584 2711 nunc
603 2662 650 2711 vix
669 2660 733 2710 serio
748 2662 783 2709 ita
798 2663 913 2711 minetur

162 2732 304 2801 quisquam.
340 2736 433 2785 Bellum
452 2738 484 2785 ab
505 2738 592 2787 eodem
611 2737 913 2804 consule‘haudquaquam

161 2812 320 2863 memorabile
331 2812 448 2863 adversus
461 2815 603 2866 rebellantes
615 2818 717 2882 AEquoe,
735 2831 811 2881 quum
825 2828 916 2883 praeter

152 2892 257 2939 'animos
268 2888 362 2939 seroces
373 2892 435 2941 nihil
449 2906 481 2941 ex
494 2894 595 2958 antiqua
607 2892 707 2942 sortuna
724 2893 851 2955 haberent,
867 2910 913 2959 ge·

161 2968 225 3019 sium
238 2968 279 3016 est.
315 2968 385 3018 Alter
402 2968 486 3019 consul
506 2970 640 3037 Appuleius
660 2971 686 3019 in
702 2972 804 3019 Umbria
816 2974 912 3037 Nequi-

161 3054 223 3097 ttum
234 3042 353 3115 oppidum
363 3046 529 3100 circumsedit.
539 3048 614 3114 xlocus
625 3058 677 3101 erat
687 3046 785 3117 uiuus,
801 3060 877 3115 atque
885 3051 920 3101 iu
