<?xml version="1.0" encoding="UTF-8"?>
<!DOCTYPE html PUBLIC "-//W3C//DTD XHTML 1.0 Transitional//EN"
    "http://www.w3.org/TR/xhtml1/DTD/xhtml1-transitional.dtd">
<html xmlns="http://www.w3.org/1999/xhtml" xml:lang="en" lang="en">
 <head>
  <title>
</title>
<meta http-equiv="Content-Type" content="text/html;charset=utf-8" />
  <meta name='ocr-system' content='tesseract 3.04.00' />
  <meta name='ocr-capabilities' content='ocr_page ocr_carea ocr_par ocr_line ocrx_word'/>
</head>
<body>
  <div class='ocr_page' id='page_1' title='image "./titiliviipatavi01ruddgoog_0088.png"; bbox 0 0 2000 3709; ppageno 0'>
   <div class='ocr_carea' id='block_1_1' title="bbox 105 249 646 304">
    <p class='ocr_par' dir='ltr' id='par_1_1' title="bbox 105 249 646 304">
     <span class='ocr_line' id='line_1_1' title="bbox 105 249 646 304; baseline 0.004 -2"><span class='ocrx_word' id='word_1_1' title='bbox 105 249 188 303; x_wconf 82' lang='lat' dir='ltr'><strong>&#39;to</strong></span> <span class='ocrx_word' id='word_1_2' title='bbox 419 251 456 303; x_wconf 80' lang='lat' dir='ltr'><strong>T.</strong></span> <span class='ocrx_word' id='word_1_3' title='bbox 490 252 646 304; x_wconf 83' lang='lat' dir='ltr'><strong>L1vt1</strong></span> 
     </span>
    </p>
   </div>
   <div class='ocr_carea' id='block_1_2' title="bbox 130 333 987 3172">
    <p class='ocr_par' dir='ltr' id='par_1_2' title="bbox 130 333 987 3172">
     <span class='ocr_line' id='line_1_2' title="bbox 151 333 906 408; baseline 0.003 -17"><span class='ocrx_word' id='word_1_4' title='bbox 151 340 240 391; x_wconf 88' lang='lat' dir='ltr'><strong>urbem</strong></span> <span class='ocrx_word' id='word_1_5' title='bbox 254 341 389 392; x_wconf 80' lang='lat' dir='ltr'>Cimetram</span> <span class='ocrx_word' id='word_1_6' title='bbox 401 341 476 408; x_wconf 84' lang='lat' dir='ltr'>cepit.</span> <span class='ocrx_word' id='word_1_7' title='bbox 493 342 529 390; x_wconf 89' lang='lat' dir='ltr'><strong>ibi</strong></span> <span class='ocrx_word' id='word_1_8' title='bbox 540 352 614 408; x_wconf 86' lang='lat' dir='ltr'><strong>capta</strong></span> <span class='ocrx_word' id='word_1_9' title='bbox 624 351 776 392; x_wconf 83' lang='lat' dir='ltr'><strong>armatorum</strong></span> <span class='ocrx_word' id='word_1_10' title='bbox 784 341 836 392; x_wconf 91' lang='lat' dir='ltr'><strong>duo</strong></span> <span class='ocrx_word' id='word_1_11' title='bbox 843 333 906 393; x_wconf 83' lang='lat' dir='ltr'><strong>mil·</strong></span> 
     </span>
     <span class='ocr_line' id='line_1_3' title="bbox 152 418 905 486; baseline 0.004 -19"><span class='ocrx_word' id='word_1_12' title='bbox 152 419 185 468; x_wconf 90' lang='lat' dir='ltr'><strong>lia</strong></span> <span class='ocrx_word' id='word_1_13' title='bbox 197 418 382 484; x_wconf 82' lang='lat' dir='ltr'>quadringenti:</span> <span class='ocrx_word' id='word_1_14' title='bbox 396 418 447 468; x_wconf 85' lang='lat' dir='ltr'><strong>caesr</strong></span> <span class='ocrx_word' id='word_1_15' title='bbox 459 418 536 468; x_wconf 86' lang='lat' dir='ltr'><strong>serme</strong></span> <span class='ocrx_word' id='word_1_16' title='bbox 547 429 685 485; x_wconf 74' lang='lat' dir='ltr'><strong>pugnantes</strong></span> <span class='ocrx_word' id='word_1_17' title='bbox 695 418 726 468; x_wconf 89' lang='lat' dir='ltr'><strong>ad</strong></span> <span class='ocrx_word' id='word_1_18' title='bbox 734 420 905 486; x_wconf 78' lang='lat' dir='ltr'><strong>quadringen-</strong></span> 
     </span>
     <span class='ocr_line' id='line_1_4' title="bbox 152 497 904 564; baseline -0.001 -17"><span class='ocrx_word' id='word_1_19' title='bbox 152 508 191 547; x_wconf 87' lang='lat' dir='ltr'><strong>tos</strong></span> <span class='ocrx_word' id='word_1_20' title='bbox 210 499 320 562; x_wconf 82' lang='lat' dir='ltr'><strong>triginta.</strong></span> <span class='ocrx_word' id='word_1_21' title='bbox 354 499 424 562; x_wconf 87' lang='lat' dir='ltr'><strong>Inde,</strong></span> <span class='ocrx_word' id='word_1_22' title='bbox 440 497 602 550; x_wconf 84' lang='lat' dir='ltr'><strong>comitiorum</strong></span> <span class='ocrx_word' id='word_1_23' title='bbox 613 497 685 545; x_wconf 71' lang='lat' dir='ltr'><strong>mura</strong></span> <span class='ocrx_word' id='word_1_24' title='bbox 696 499 805 548; x_wconf 86' lang='lat' dir='ltr'><strong>Romam</strong></span> <span class='ocrx_word' id='word_1_25' title='bbox 815 497 904 564; x_wconf 84' lang='lat' dir='ltr'><strong>prose-</strong></span> 
     </span>
     <span class='ocr_line' id='line_1_5' title="bbox 152 573 905 640; baseline 0.003 -18"><span class='ocrx_word' id='word_1_26' title='bbox 152 573 212 636; x_wconf 68' lang='lat' dir='ltr'><strong>elua</strong></span> <span class='ocrx_word' id='word_1_27' title='bbox 228 577 365 626; x_wconf 87' lang='lat' dir='ltr'><strong>maturavit</strong></span> <span class='ocrx_word' id='word_1_28' title='bbox 383 591 437 626; x_wconf 87' lang='lat' dir='ltr'><strong>eam</strong></span> <span class='ocrx_word' id='word_1_29' title='bbox 449 591 503 626; x_wconf 88' lang='lat' dir='ltr'><strong>rem</strong></span> <span class='ocrx_word' id='word_1_30' title='bbox 514 588 596 638; x_wconf 81' lang='lat' dir='ltr'><strong>agere.</strong></span> <span class='ocrx_word' id='word_1_31' title='bbox 621 589 698 638; x_wconf 92' lang='lat' dir='ltr'><strong>quum</strong></span> <span class='ocrx_word' id='word_1_32' title='bbox 709 575 791 640; x_wconf 88' lang='lat' dir='ltr'><strong>prirnb</strong></span> <span class='ocrx_word' id='word_1_33' title='bbox 802 583 905 624; x_wconf 68' lang='lat' dir='ltr'><strong>vocate</strong></span> 
     </span>
     <span class='ocr_line' id='line_1_6' title="bbox 152 644 903 718; baseline -0.001 -18"><span class='ocrx_word' id='word_1_34' title='bbox 152 654 188 715; x_wconf 78' lang='lat' dir='ltr'><strong>Q.</strong></span> <span class='ocrx_word' id='word_1_35' title='bbox 206 652 310 704; x_wconf 89' lang='lat' dir='ltr'><strong>Fabium</strong></span> <span class='ocrx_word' id='word_1_36' title='bbox 330 651 454 703; x_wconf 89' lang='lat' dir='ltr'><strong>consulem</strong></span> <span class='ocrx_word' id='word_1_37' title='bbox 471 644 582 702; x_wconf 72' lang='lat' dir='ltr'><strong>dicerent</strong></span> <span class='ocrx_word' id='word_1_38' title='bbox 599 666 685 702; x_wconf 81' lang='lat' dir='ltr'><strong>omnes</strong></span> <span class='ocrx_word' id='word_1_39' title='bbox 702 652 827 714; x_wconf 80' lang='lat' dir='ltr'><strong>centuria,</strong></span> <span class='ocrx_word' id='word_1_40' title='bbox 848 655 903 718; x_wconf 83' lang='lat' dir='ltr'><strong>Ap.</strong></span> 
     </span>
     <span class='ocr_line' id='line_1_7' title="bbox 152 727 903 792; baseline 0.001 -15"><span class='ocrx_word' id='word_1_41' title='bbox 152 729 270 780; x_wconf 84' lang='lat' dir='ltr'><strong>claudius</strong></span> <span class='ocrx_word' id='word_1_42' title='bbox 281 730 414 782; x_wconf 83' lang='lat' dir='ltr'><strong>consularis</strong></span> <span class='ocrx_word' id='word_1_43' title='bbox 426 729 578 790; x_wconf 85' lang='lat' dir='ltr'><strong>candidatur,</strong></span> <span class='ocrx_word' id='word_1_44' title='bbox 594 728 636 778; x_wconf 80' lang='lat' dir='ltr'><strong>vir</strong></span> <span class='ocrx_word' id='word_1_45' title='bbox 644 743 702 778; x_wconf 88' lang='lat' dir='ltr'><strong>acer</strong></span> <span class='ocrx_word' id='word_1_46' title='bbox 712 728 738 778; x_wconf 68' lang='grc' dir='ltr'><strong><em>ἃ</em></strong></span> <span class='ocrx_word' id='word_1_47' title='bbox 745 727 903 792; x_wconf 84' lang='lat' dir='ltr'><strong>ambitiosus,</strong></span> 
     </span>
     <span class='ocr_line' id='line_1_8' title="bbox 150 805 902 874; baseline -0.005 -16"><span class='ocrx_word' id='word_1_48' title='bbox 150 821 202 858; x_wconf 85' lang='lat' dir='ltr'><strong>non</strong></span> <span class='ocrx_word' id='word_1_49' title='bbox 214 805 250 857; x_wconf 89' lang='lat' dir='ltr'><strong>sui</strong></span> <span class='ocrx_word' id='word_1_50' title='bbox 261 811 339 874; x_wconf 84' lang='lat' dir='ltr'><strong>magis</strong></span> <span class='ocrx_word' id='word_1_51' title='bbox 352 809 453 860; x_wconf 89' lang='lat' dir='ltr'><strong>honoris</strong></span> <span class='ocrx_word' id='word_1_52' title='bbox 468 807 548 870; x_wconf 77' lang='lat' dir='ltr'><strong>canu,</strong></span> <span class='ocrx_word' id='word_1_53' title='bbox 565 811 640 872; x_wconf 75' lang='lat' dir='ltr'><strong>quam</strong></span> <span class='ocrx_word' id='word_1_54' title='bbox 650 817 680 857; x_wconf 90' lang='lat' dir='ltr'><strong>ut</strong></span> <span class='ocrx_word' id='word_1_55' title='bbox 689 807 788 873; x_wconf 79' lang='lat' dir='ltr'><strong>patricii</strong></span> <span class='ocrx_word' id='word_1_56' title='bbox 796 819 902 872; x_wconf 77' lang='lat' dir='ltr'><strong>recupe-</strong></span> 
     </span>
     <span class='ocr_line' id='line_1_9' title="bbox 149 883 902 950; baseline 0 -16"><span class='ocrx_word' id='word_1_57' title='bbox 149 896 233 934; x_wconf 86' lang='lat' dir='ltr'><strong>rarent</strong></span> <span class='ocrx_word' id='word_1_58' title='bbox 244 885 295 939; x_wconf 89' lang='lat' dir='ltr'><strong>duo</strong></span> <span class='ocrx_word' id='word_1_59' title='bbox 307 887 444 938; x_wconf 88' lang='lat' dir='ltr'><strong>consularia</strong></span> <span class='ocrx_word' id='word_1_60' title='bbox 455 886 519 949; x_wconf 82' lang='lat' dir='ltr'><strong>loca,</strong></span> <span class='ocrx_word' id='word_1_61' title='bbox 536 899 614 950; x_wconf 88' lang='lat' dir='ltr'><strong>quum</strong></span> <span class='ocrx_word' id='word_1_62' title='bbox 625 883 682 947; x_wconf 88' lang='lat' dir='ltr'><strong>suis,</strong></span> <span class='ocrx_word' id='word_1_63' title='bbox 698 895 752 934; x_wconf 82' lang='lat' dir='ltr'><strong>turn</strong></span> <span class='ocrx_word' id='word_1_64' title='bbox 763 885 840 934; x_wconf 82' lang='lat' dir='ltr'><strong>totius</strong></span> <span class='ocrx_word' id='word_1_65' title='bbox 851 899 902 934; x_wconf 91' lang='lat' dir='ltr'><strong>no-</strong></span> 
     </span>
     <span class='ocr_line' id='line_1_10' title="bbox 148 961 900 1030; baseline 0 -20"><span class='ocrx_word' id='word_1_66' title='bbox 148 961 253 1014; x_wconf 84' lang='lat' dir='ltr'><strong>bilitatis</strong></span> <span class='ocrx_word' id='word_1_67' title='bbox 268 965 380 1030; x_wconf 84' lang='lat' dir='ltr'><strong>viribus,·</strong></span> <span class='ocrx_word' id='word_1_68' title='bbox 389 964 512 1023; x_wconf 81' lang='lat' dir='ltr'><strong>incubuit,</strong></span> <span class='ocrx_word' id='word_1_69' title='bbox 527 972 557 1010; x_wconf 91' lang='lat' dir='ltr'><strong>ut</strong></span> <span class='ocrx_word' id='word_1_70' title='bbox 567 961 592 1010; x_wconf 79' lang='lat' dir='ltr'><strong>se</strong></span> <span class='ocrx_word' id='word_1_71' title='bbox 603 976 660 1010; x_wconf 87' lang='lat' dir='ltr'><strong>curn</strong></span> <span class='ocrx_word' id='word_1_72' title='bbox 671 965 705 1026; x_wconf 76' lang='lat' dir='ltr'><strong>Q.</strong></span> <span class='ocrx_word' id='word_1_73' title='bbox 718 961 797 1011; x_wconf 84' lang='lat' dir='ltr'><strong>Fabio</strong></span> <span class='ocrx_word' id='word_1_74' title='bbox 808 961 900 1012; x_wconf 87' lang='lat' dir='ltr'><strong>consu·</strong></span> 
     </span>
     <span class='ocr_line' id='line_1_11' title="bbox 148 1037 901 1109; baseline 0.003 -19"><span class='ocrx_word' id='word_1_75' title='bbox 148 1041 199 1090; x_wconf 91' lang='lat' dir='ltr'><strong>lem</strong></span> <span class='ocrx_word' id='word_1_76' title='bbox 210 1041 328 1092; x_wconf 84' lang='lat' dir='ltr'>dicerent.</span> <span class='ocrx_word' id='word_1_77' title='bbox 363 1043 453 1093; x_wconf 82' lang='lat' dir='ltr'><strong>Fabius</strong></span> <span class='ocrx_word' id='word_1_78' title='bbox 469 1042 559 1109; x_wconf 83' lang='lat' dir='ltr'><strong>primo,</strong></span> <span class='ocrx_word' id='word_1_79' title='bbox 575 1039 607 1088; x_wconf 86' lang='lat' dir='ltr'><strong>de</strong></span> <span class='ocrx_word' id='word_1_80' title='bbox 623 1039 648 1088; x_wconf 84' lang='lat' dir='ltr'><strong>se</strong></span> <span class='ocrx_word' id='word_1_81' title='bbox 665 1037 751 1089; x_wconf 88' lang='lat' dir='ltr'><strong>eadem</strong></span> <span class='ocrx_word' id='word_1_82' title='bbox 764 1040 825 1101; x_wconf 84' lang='lat' dir='ltr'><strong>sere,</strong></span> <span class='ocrx_word' id='word_1_83' title='bbox 841 1055 901 1106; x_wconf 69' lang='lat' dir='ltr'><strong>qua</strong></span> 
     </span>
     <span class='ocr_line' id='line_1_12' title="bbox 147 1115 899 1186; baseline -0.001 -20"><span class='ocrx_word' id='word_1_84' title='bbox 147 1119 233 1186; x_wconf 88' lang='lat' dir='ltr'><strong>priore</strong></span> <span class='ocrx_word' id='word_1_85' title='bbox 244 1133 319 1182; x_wconf 90' lang='lat' dir='ltr'><strong>anno,</strong></span> <span class='ocrx_word' id='word_1_86' title='bbox 336 1119 448 1181; x_wconf 86' lang='lat' dir='ltr'><strong>dicendo,</strong></span> <span class='ocrx_word' id='word_1_87' title='bbox 465 1118 582 1168; x_wconf 81' lang='lat' dir='ltr'><strong>abnuere.</strong></span> <span class='ocrx_word' id='word_1_88' title='bbox 607 1115 761 1166; x_wconf 81' lang='lat' dir='ltr'><strong>circumstare</strong></span> <span class='ocrx_word' id='word_1_89' title='bbox 772 1117 855 1167; x_wconf 86' lang='lat' dir='ltr'><strong>sellam</strong></span> <span class='ocrx_word' id='word_1_90' title='bbox 866 1133 899 1165; x_wconf 91' lang='lat' dir='ltr'><strong>o-</strong></span> 
     </span>
     <span class='ocr_line' id='line_1_13' title="bbox 147 1194 899 1262; baseline -0.005 -15"><span class='ocrx_word' id='word_1_91' title='bbox 147 1197 214 1247; x_wconf 82' lang='lat' dir='ltr'><strong>mnir</strong></span> <span class='ocrx_word' id='word_1_92' title='bbox 225 1198 341 1248; x_wconf 80' lang='lat' dir='ltr'><strong>nobilitas</strong></span> <span class='ocrx_word' id='word_1_93' title='bbox 348 1218 355 1259; x_wconf 72' lang='lat' dir='ltr'><strong>l</strong></span> <span class='ocrx_word' id='word_1_94' title='bbox 373 1213 453 1262; x_wconf 86' lang='lat' dir='ltr'><strong>orare,</strong></span> <span class='ocrx_word' id='word_1_95' title='bbox 467 1207 496 1246; x_wconf 89' lang='lat' dir='ltr'><strong>ut</strong></span> <span class='ocrx_word' id='word_1_96' title='bbox 507 1211 540 1246; x_wconf 83' lang='lat' dir='ltr'><strong>ex</strong></span> <span class='ocrx_word' id='word_1_97' title='bbox 549 1211 620 1245; x_wconf 83' lang='lat' dir='ltr'><strong>coeno</strong></span> <span class='ocrx_word' id='word_1_98' title='bbox 631 1194 729 1261; x_wconf 90' lang='lat' dir='ltr'><strong>plebeio</strong></span> <span class='ocrx_word' id='word_1_99' title='bbox 740 1194 899 1244; x_wconf 82' lang='lat' dir='ltr'><strong>consulatum</strong></span> 
     </span>
     <span class='ocr_line' id='line_1_14' title="bbox 148 1269 898 1338; baseline -0.003 -17"><span class='ocrx_word' id='word_1_100' title='bbox 148 1272 298 1336; x_wconf 83' lang='lat' dir='ltr'><strong>extraheret,</strong></span> <span class='ocrx_word' id='word_1_101' title='bbox 314 1273 514 1338; x_wconf 84' lang='lat' dir='ltr'><strong>majestatemque</strong></span> <span class='ocrx_word' id='word_1_102' title='bbox 525 1271 651 1338; x_wconf 81' lang='lat' dir='ltr'><strong>pristinam</strong></span> <span class='ocrx_word' id='word_1_103' title='bbox 662 1279 715 1318; x_wconf 89' lang='lat' dir='ltr'><strong>tum</strong></span> <span class='ocrx_word' id='word_1_104' title='bbox 727 1269 826 1329; x_wconf 84' lang='lat' dir='ltr'><strong>honori,</strong></span> <span class='ocrx_word' id='word_1_105' title='bbox 840 1279 898 1319; x_wconf 83' lang='lat' dir='ltr'><strong>rum</strong></span> 
     </span>
     <span class='ocr_line' id='line_1_15' title="bbox 146 1345 899 1417; baseline -0.005 -17"><span class='ocrx_word' id='word_1_106' title='bbox 146 1351 259 1417; x_wconf 86' lang='lat' dir='ltr'><strong>patriciis</strong></span> <span class='ocrx_word' id='word_1_107' title='bbox 267 1351 381 1414; x_wconf 81' lang='lat' dir='ltr'><strong>gentibus</strong></span> <span class='ocrx_word' id='word_1_108' title='bbox 393 1350 513 1401; x_wconf 89' lang='lat' dir='ltr'><strong>redderet.</strong></span> <span class='ocrx_word' id='word_1_109' title='bbox 540 1347 639 1408; x_wconf 78' lang='lat' dir='ltr'><strong>Fabius,</strong></span> <span class='ocrx_word' id='word_1_110' title='bbox 654 1345 750 1396; x_wconf 83' lang='lat' dir='ltr'><strong>filentio</strong></span> <span class='ocrx_word' id='word_1_111' title='bbox 760 1346 834 1407; x_wconf 72' lang='lat' dir='ltr'><strong>sallo,</strong></span> <span class='ocrx_word' id='word_1_112' title='bbox 842 1363 899 1396; x_wconf 91' lang='lat' dir='ltr'><strong>me·</strong></span> 
     </span>
     <span class='ocr_line' id='line_1_16' title="bbox 147 1424 898 1488; baseline -0.005 -12"><span class='ocrx_word' id='word_1_113' title='bbox 147 1425 189 1476; x_wconf 75' lang='lat' dir='ltr'><strong>dia</strong></span> <span class='ocrx_word' id='word_1_114' title='bbox 201 1428 314 1476; x_wconf 86' lang='lat' dir='ltr'><strong>oratione</strong></span> <span class='ocrx_word' id='word_1_115' title='bbox 325 1427 401 1478; x_wconf 86' lang='lat' dir='ltr'><strong>studia</strong></span> <span class='ocrx_word' id='word_1_116' title='bbox 416 1428 546 1476; x_wconf 88' lang='lat' dir='ltr'><strong>hominum</strong></span> <span class='ocrx_word' id='word_1_117' title='bbox 557 1424 662 1474; x_wconf 83' lang='lat' dir='ltr'><strong>sedavit.</strong></span> <span class='ocrx_word' id='word_1_118' title='bbox 683 1425 796 1488; x_wconf 73' lang='lat' dir='ltr'><strong>foliatam</strong></span> <span class='ocrx_word' id='word_1_119' title='bbox 807 1425 864 1473; x_wconf 78' lang='lat' dir='ltr'><strong>enim</strong></span> <span class='ocrx_word' id='word_1_120' title='bbox 869 1425 898 1488; x_wconf 83' lang='lat' dir='ltr'><strong>se</strong></span> 
     </span>
     <span class='ocr_line' id='line_1_17' title="bbox 141 1501 897 1572; baseline -0.001 -20"><span class='ocrx_word' id='word_1_121' title='bbox 141 1501 210 1570; x_wconf 76' lang='lat' dir='ltr'><strong>fuiffe</strong></span> <span class='ocrx_word' id='word_1_122' title='bbox 219 1504 292 1570; x_wconf 83' lang='lat' dir='ltr'><strong>dixit,</strong></span> <span class='ocrx_word' id='word_1_123' title='bbox 309 1506 431 1555; x_wconf 77' lang='lat' dir='ltr'><strong>arduorum</strong></span> <span class='ocrx_word' id='word_1_124' title='bbox 445 1505 591 1572; x_wconf 77' lang='lat' dir='ltr'><strong>patriciorum</strong></span> <span class='ocrx_word' id='word_1_125' title='bbox 601 1502 687 1551; x_wconf 80' lang='lat' dir='ltr'><strong>nomina</strong></span> <span class='ocrx_word' id='word_1_126' title='bbox 696 1503 810 1566; x_wconf 81' lang='lat' dir='ltr'><strong>reciperer,</strong></span> <span class='ocrx_word' id='word_1_127' title='bbox 821 1501 897 1564; x_wconf 78' lang='lat' dir='ltr'><strong>ficli-</strong></span> 
     </span>
     <span class='ocr_line' id='line_1_18' title="bbox 145 1580 896 1648; baseline -0.005 -16"><span class='ocrx_word' id='word_1_128' title='bbox 145 1597 193 1643; x_wconf 80' lang='lat' dir='ltr'><strong>um,</strong></span> <span class='ocrx_word' id='word_1_129' title='bbox 209 1586 274 1648; x_wconf 76' lang='lat' dir='ltr'><strong>quim</strong></span> <span class='ocrx_word' id='word_1_130' title='bbox 286 1585 320 1648; x_wconf 85' lang='lat' dir='ltr'><strong>se,</strong></span> <span class='ocrx_word' id='word_1_131' title='bbox 336 1583 437 1648; x_wconf 81' lang='lat' dir='ltr'><strong>consulem</strong></span> <span class='ocrx_word' id='word_1_132' title='bbox 449 1583 502 1647; x_wconf 84' lang='lat' dir='ltr'><strong>fieri</strong></span> <span class='ocrx_word' id='word_1_133' title='bbox 518 1581 618 1630; x_wconf 80' lang='lat' dir='ltr'><strong>videret:</strong></span> <span class='ocrx_word' id='word_1_134' title='bbox 635 1594 690 1629; x_wconf 76' lang='lat' dir='ltr'><strong>nuuc</strong></span> <span class='ocrx_word' id='word_1_135' title='bbox 700 1582 726 1644; x_wconf 85' lang='lat' dir='ltr'><strong>se</strong></span> <span class='ocrx_word' id='word_1_136' title='bbox 737 1580 774 1644; x_wconf 78' lang='lat' dir='ltr'><strong>sui</strong></span> <span class='ocrx_word' id='word_1_137' title='bbox 790 1580 896 1631; x_wconf 66' lang='lat' dir='ltr'><strong>ratum</strong></span> 
     </span>
     <span class='ocr_line' id='line_1_19' title="bbox 145 1649 987 1726; baseline -0.004 -20"><span class='ocrx_word' id='word_1_138' title='bbox 145 1659 245 1718; x_wconf 85' lang='lat' dir='ltr'><strong>comitiis,</strong></span> <span class='ocrx_word' id='word_1_139' title='bbox 261 1673 325 1724; x_wconf 81' lang='lat' dir='ltr'><strong>quum</strong></span> <span class='ocrx_word' id='word_1_140' title='bbox 336 1667 409 1708; x_wconf 81' lang='lat' dir='ltr'><strong>contra</strong></span> <span class='ocrx_word' id='word_1_141' title='bbox 424 1660 481 1726; x_wconf 81' lang='lat' dir='ltr'><strong>leget</strong></span> <span class='ocrx_word' id='word_1_142' title='bbox 485 1659 589 1723; x_wconf 69' lang='lat' dir='ltr'><strong>sumam</strong></span> <span class='ocrx_word' id='word_1_143' title='bbox 594 1655 633 1721; x_wconf 82' lang='lat' dir='ltr'><strong>fit,</strong></span> <span class='ocrx_word' id='word_1_144' title='bbox 647 1656 734 1722; x_wconf 76' lang='lat' dir='ltr'><strong>peffimo</strong></span> <span class='ocrx_word' id='word_1_145' title='bbox 748 1655 844 1721; x_wconf 73' lang='lat' dir='ltr'><strong>exemplo</strong></span> <span class='ocrx_word' id='word_1_146' title='bbox 853 1649 896 1705; x_wconf 70' lang='lat' dir='ltr'><strong>nole</strong></span> <span class='ocrx_word' id='word_1_147' title='bbox 986 1694 987 1703; x_wconf 69' lang='lat'>.</span> 
     </span>
     <span class='ocr_line' id='line_1_20' title="bbox 145 1733 895 1800; baseline -0.004 -16"><span class='ocrx_word' id='word_1_148' title='bbox 145 1733 275 1784; x_wconf 74' lang='lat' dir='ltr'><strong>habiturum.</strong></span> <span class='ocrx_word' id='word_1_149' title='bbox 309 1739 348 1784; x_wconf 85' lang='lat' dir='ltr'><strong>lta</strong></span> <span class='ocrx_word' id='word_1_150' title='bbox 360 1737 392 1784; x_wconf 90' lang='lat' dir='ltr'><strong>L.</strong></span> <span class='ocrx_word' id='word_1_151' title='bbox 405 1736 554 1786; x_wconf 77' lang='lat' dir='ltr'><strong>Volumnius</strong></span> <span class='ocrx_word' id='word_1_152' title='bbox 565 1734 596 1785; x_wconf 82' lang='lat' dir='ltr'><strong>de</strong></span> <span class='ocrx_word' id='word_1_153' title='bbox 607 1733 678 1800; x_wconf 84' lang='lat' dir='ltr'>plebe</span> <span class='ocrx_word' id='word_1_154' title='bbox 689 1746 745 1782; x_wconf 88' lang='lat' dir='ltr'><strong>cum</strong></span> <span class='ocrx_word' id='word_1_155' title='bbox 757 1737 807 1798; x_wconf 81' lang='lat' dir='ltr'><strong>Ap.</strong></span> <span class='ocrx_word' id='word_1_156' title='bbox 818 1733 895 1782; x_wconf 79' lang='lat' dir='ltr'><strong>Clau-</strong></span> 
     </span>
     <span class='ocr_line' id='line_1_21' title="bbox 135 1809 895 1880; baseline -0.005 -16"><span class='ocrx_word' id='word_1_157' title='bbox 135 1813 190 1864; x_wconf 54' lang='lat' dir='ltr'><strong>*dio</strong></span> <span class='ocrx_word' id='word_1_158' title='bbox 208 1812 294 1864; x_wconf 85' lang='lat' dir='ltr'><strong>consul</strong></span> <span class='ocrx_word' id='word_1_159' title='bbox 311 1814 344 1864; x_wconf 87' lang='lat' dir='ltr'><strong>est</strong></span> <span class='ocrx_word' id='word_1_160' title='bbox 363 1813 448 1877; x_wconf 75' lang='lat' dir='ltr'><strong>sallus,</strong></span> <span class='ocrx_word' id='word_1_161' title='bbox 466 1815 549 1880; x_wconf 89' lang='lat' dir='ltr'><strong>priore</strong></span> <span class='ocrx_word' id='word_1_162' title='bbox 565 1814 625 1861; x_wconf 92' lang='lat' dir='ltr'><strong>item</strong></span> <span class='ocrx_word' id='word_1_163' title='bbox 643 1811 771 1862; x_wconf 79' lang='lat' dir='ltr'><strong>consulatu</strong></span> <span class='ocrx_word' id='word_1_164' title='bbox 787 1812 851 1860; x_wconf 89' lang='lat' dir='ltr'><strong>inter</strong></span> <span class='ocrx_word' id='word_1_165' title='bbox 867 1809 895 1860; x_wconf 86' lang='lat' dir='ltr'><strong>se</strong></span> 
     </span>
     <span class='ocr_line' id='line_1_22' title="bbox 133 1886 893 1957; baseline -0.003 -18"><span class='ocrx_word' id='word_1_166' title='bbox 133 1891 293 1957; x_wconf 69' lang='lat' dir='ltr'><strong>comparati.</strong></span> <span class='ocrx_word' id='word_1_167' title='bbox 311 1891 435 1942; x_wconf 86' lang='lat' dir='ltr'><strong>Nobilitas</strong></span> <span class='ocrx_word' id='word_1_168' title='bbox 444 1891 567 1955; x_wconf 69' lang='lat' dir='ltr'><strong>objellate</strong></span> <span class='ocrx_word' id='word_1_169' title='bbox 575 1889 662 1951; x_wconf 79' lang='lat' dir='ltr'><strong>Fabio,</strong></span> <span class='ocrx_word' id='word_1_170' title='bbox 674 1886 759 1952; x_wconf 79' lang='lat' dir='ltr'><strong>fugille</strong></span> <span class='ocrx_word' id='word_1_171' title='bbox 770 1901 828 1938; x_wconf 86' lang='lat' dir='ltr'><strong>eum</strong></span> <span class='ocrx_word' id='word_1_172' title='bbox 840 1892 893 1954; x_wconf 77' lang='lat' dir='ltr'><strong>Ap.</strong></span> 
     </span>
     <span class='ocr_line' id='line_1_23' title="bbox 146 1964 895 2035; baseline 0 -19"><span class='ocrx_word' id='word_1_173' title='bbox 146 1967 279 2018; x_wconf 88' lang='lat' dir='ltr'><strong>Claudium</strong></span> <span class='ocrx_word' id='word_1_174' title='bbox 299 1969 425 2034; x_wconf 81' lang='lat' dir='ltr'><strong>collegam,</strong></span> <span class='ocrx_word' id='word_1_175' title='bbox 450 1968 594 2035; x_wconf 74' lang='lat' dir='ltr'><strong>eloquentia</strong></span> <span class='ocrx_word' id='word_1_176' title='bbox 612 1964 777 2031; x_wconf 84' lang='lat' dir='ltr'><strong>civilibusque</strong></span> <span class='ocrx_word' id='word_1_177' title='bbox 799 1965 895 2016; x_wconf 82' lang='lat' dir='ltr'><strong>artibus</strong></span> 
     </span>
     <span class='ocr_line' id='line_1_24' title="bbox 135 2045 900 2114; baseline 0.003 -18"><span class='ocrx_word' id='word_1_178' title='bbox 135 2045 211 2098; x_wconf 36' lang='lat' dir='ltr'><strong>*nand</strong></span> <span class='ocrx_word' id='word_1_179' title='bbox 223 2045 296 2096; x_wconf 80' lang='lat' dir='ltr'><strong>dubie</strong></span> <span class='ocrx_word' id='word_1_180' title='bbox 308 2047 470 2114; x_wconf 79' lang='lat' dir='ltr'><strong>praestantem.</strong></span> <span class='ocrx_word' id='word_1_181' title='bbox 895 2111 900 2114; x_wconf 21' lang='grc' dir='ltr'>Ι</span> 
     </span>
     <span class='ocr_line' id='line_1_25' title="bbox 178 2121 895 2194; baseline 0.001 -21"><span class='ocrx_word' id='word_1_182' title='bbox 178 2125 252 2173; x_wconf 87' lang='lat' dir='ltr'>XVI.</span> <span class='ocrx_word' id='word_1_183' title='bbox 273 2127 387 2176; x_wconf 81' lang='lat' dir='ltr'><strong>Comitiis</strong></span> <span class='ocrx_word' id='word_1_184' title='bbox 398 2125 520 2194; x_wconf 71' lang='lat' dir='ltr'><strong>perseilis,</strong></span> <span class='ocrx_word' id='word_1_185' title='bbox 537 2135 633 2176; x_wconf 85' lang='lat' dir='ltr'><strong>veteres</strong></span> <span class='ocrx_word' id='word_1_186' title='bbox 647 2121 758 2175; x_wconf 83' lang='lat' dir='ltr'><strong>eonsules</strong></span> <span class='ocrx_word' id='word_1_187' title='bbox 770 2122 826 2186; x_wconf 75' lang='lat' dir='ltr'><strong>just</strong></span> <span class='ocrx_word' id='word_1_188' title='bbox 842 2122 895 2174; x_wconf 90' lang='lat' dir='ltr'><strong>bcl·</strong></span> 
     </span>
     <span class='ocr_line' id='line_1_26' title="bbox 144 2200 893 2272; baseline -0.001 -20"><span class='ocrx_word' id='word_1_189' title='bbox 144 2201 232 2252; x_wconf 90' lang='lat' dir='ltr'><strong>lumin</strong></span> <span class='ocrx_word' id='word_1_190' title='bbox 247 2204 348 2254; x_wconf 85' lang='lat' dir='ltr'><strong>Samnio</strong></span> <span class='ocrx_word' id='word_1_191' title='bbox 356 2211 448 2268; x_wconf 82' lang='lat' dir='ltr'>gerere,</span> <span class='ocrx_word' id='word_1_192' title='bbox 466 2213 603 2272; x_wconf 79' lang='lat' dir='ltr'><strong>prorogato</strong></span> <span class='ocrx_word' id='word_1_193' title='bbox 614 2204 640 2252; x_wconf 87' lang='lat' dir='ltr'><strong>io</strong></span> <span class='ocrx_word' id='word_1_194' title='bbox 651 2202 695 2252; x_wconf 85' lang='lat' dir='ltr'><strong>sex</strong></span> <span class='ocrx_word' id='word_1_195' title='bbox 702 2200 797 2252; x_wconf 83' lang='lat' dir='ltr'><strong>menses</strong></span> <span class='ocrx_word' id='word_1_196' title='bbox 811 2202 893 2268; x_wconf 89' lang='lat' dir='ltr'><strong>impe·</strong></span> 
     </span>
     <span class='ocr_line' id='line_1_27' title="bbox 143 2279 893 2349; baseline -0.003 -19"><span class='ocrx_word' id='word_1_197' title='bbox 143 2279 192 2330; x_wconf 85' lang='lat' dir='ltr'><strong>rio.</strong></span> <span class='ocrx_word' id='word_1_198' title='bbox 227 2281 314 2345; x_wconf 92' lang='lat' dir='ltr'><strong>Itaque</strong></span> <span class='ocrx_word' id='word_1_199' title='bbox 331 2280 469 2349; x_wconf 81' lang='lat' dir='ltr'><strong>insequenti</strong></span> <span class='ocrx_word' id='word_1_200' title='bbox 485 2295 586 2346; x_wconf 89' lang='lat' dir='ltr'><strong>quoque</strong></span> <span class='ocrx_word' id='word_1_201' title='bbox 603 2296 678 2343; x_wconf 90' lang='lat' dir='ltr'><strong>anno,</strong></span> <span class='ocrx_word' id='word_1_202' title='bbox 695 2282 727 2328; x_wconf 93' lang='lat' dir='ltr'><strong>L.</strong></span> <span class='ocrx_word' id='word_1_203' title='bbox 745 2279 893 2347; x_wconf 82' lang='lat' dir='ltr'><strong>Volumnio,</strong></span> 
     </span>
     <span class='ocr_line' id='line_1_28' title="bbox 143 2355 893 2423; baseline -0.003 -16"><span class='ocrx_word' id='word_1_204' title='bbox 143 2363 195 2423; x_wconf 84' lang='lat' dir='ltr'><strong>Ap.</strong></span> <span class='ocrx_word' id='word_1_205' title='bbox 209 2356 314 2408; x_wconf 85' lang='lat' dir='ltr'><strong>Claudio</strong></span> <span class='ocrx_word' id='word_1_206' title='bbox 329 2359 478 2422; x_wconf 87' lang='lat' dir='ltr'><strong>consulibus,</strong></span> <span class='ocrx_word' id='word_1_207' title='bbox 496 2361 523 2407; x_wconf 89' lang='lat' dir='ltr'><strong>P.</strong></span> <span class='ocrx_word' id='word_1_208' title='bbox 539 2359 639 2422; x_wconf 83' lang='lat' dir='ltr'><strong>Decius,</strong></span> <span class='ocrx_word' id='word_1_209' title='bbox 657 2357 700 2421; x_wconf 91' lang='lat' dir='ltr'><strong>qui</strong></span> <span class='ocrx_word' id='word_1_210' title='bbox 711 2355 797 2406; x_wconf 85' lang='lat' dir='ltr'><strong>consul</strong></span> <span class='ocrx_word' id='word_1_211' title='bbox 811 2358 837 2405; x_wconf 93' lang='lat' dir='ltr'><strong>in</strong></span> <span class='ocrx_word' id='word_1_212' title='bbox 848 2361 893 2405; x_wconf 84' lang='lat' dir='ltr'><strong>Sa·</strong></span> 
     </span>
     <span class='ocr_line' id='line_1_29' title="bbox 142 2430 892 2500; baseline -0.005 -17"><span class='ocrx_word' id='word_1_213' title='bbox 142 2433 213 2483; x_wconf 85' lang='lat' dir='ltr'><strong>mulo</strong></span> <span class='ocrx_word' id='word_1_214' title='bbox 222 2432 318 2483; x_wconf 73' lang='lat' dir='ltr'><strong>celians</strong></span> <span class='ocrx_word' id='word_1_215' title='bbox 331 2438 346 2483; x_wconf 81' lang='lat' dir='ltr'><strong>a</strong></span> <span class='ocrx_word' id='word_1_216' title='bbox 357 2434 450 2498; x_wconf 85' lang='lat' dir='ltr'><strong>collega</strong></span> <span class='ocrx_word' id='word_1_217' title='bbox 459 2433 547 2496; x_wconf 84' lang='lat' dir='ltr'><strong>suerat,</strong></span> <span class='ocrx_word' id='word_1_218' title='bbox 560 2432 693 2500; x_wconf 88' lang='lat' dir='ltr'><strong>proconsul</strong></span> <span class='ocrx_word' id='word_1_219' title='bbox 701 2431 767 2481; x_wconf 85' lang='lat' dir='ltr'><strong>idem</strong></span> <span class='ocrx_word' id='word_1_220' title='bbox 776 2430 892 2497; x_wconf 82' lang='lat' dir='ltr'><strong>populari</strong></span> 
     </span>
     <span class='ocr_line' id='line_1_30' title="bbox 141 2498 891 2575; baseline -0.003 -15"><span class='ocrx_word' id='word_1_221' title='bbox 141 2525 195 2562; x_wconf 89' lang='lat' dir='ltr'><strong>non</strong></span> <span class='ocrx_word' id='word_1_222' title='bbox 210 2509 300 2561; x_wconf 85' lang='lat' dir='ltr'><strong>destitit</strong></span> <span class='ocrx_word' id='word_1_223' title='bbox 314 2525 395 2575; x_wconf 83' lang='lat' dir='ltr'><strong>agros,</strong></span> <span class='ocrx_word' id='word_1_224' title='bbox 413 2511 492 2562; x_wconf 90' lang='lat' dir='ltr'><strong>donec</strong></span> <span class='ocrx_word' id='word_1_225' title='bbox 510 2511 654 2560; x_wconf 86' lang='lat' dir='ltr'><strong>Samnitium</strong></span> <span class='ocrx_word' id='word_1_226' title='bbox 668 2498 814 2571; x_wconf 60' lang='lat' dir='ltr'><strong>{xercitum</strong></span> <span class='ocrx_word' id='word_1_227' title='bbox 831 2507 891 2558; x_wconf 81' lang='lat' dir='ltr'><strong>nus-</strong></span> 
     </span>
     <span class='ocr_line' id='line_1_31' title="bbox 140 2585 891 2655; baseline 0 -19"><span class='ocrx_word' id='word_1_228' title='bbox 140 2603 216 2653; x_wconf 89' lang='lat' dir='ltr'><strong>quam</strong></span> <span class='ocrx_word' id='word_1_229' title='bbox 231 2587 256 2636; x_wconf 85' lang='lat' dir='ltr'><strong>se</strong></span> <span class='ocrx_word' id='word_1_230' title='bbox 271 2590 358 2655; x_wconf 88' lang='lat' dir='ltr'><strong>proelio</strong></span> <span class='ocrx_word' id='word_1_231' title='bbox 373 2589 578 2648; x_wconf 87' lang='lat' dir='ltr'><strong>committentem,</strong></span> <span class='ocrx_word' id='word_1_232' title='bbox 596 2587 719 2655; x_wconf 80' lang='lat' dir='ltr'><strong>poiltemb</strong></span> <span class='ocrx_word' id='word_1_233' title='bbox 728 2587 826 2653; x_wconf 87' lang='lat' dir='ltr'><strong>expulit</strong></span> <span class='ocrx_word' id='word_1_234' title='bbox 833 2585 891 2636; x_wconf 84' lang='lat' dir='ltr'><strong>fini·</strong></span> 
     </span>
     <span class='ocr_line' id='line_1_32' title="bbox 141 2664 891 2734; baseline 0 -20"><span class='ocrx_word' id='word_1_235' title='bbox 141 2664 197 2714; x_wconf 90' lang='lat' dir='ltr'><strong>bus.</strong></span> <span class='ocrx_word' id='word_1_236' title='bbox 232 2667 356 2715; x_wconf 86' lang='lat' dir='ltr'><strong>Etruriam</strong></span> <span class='ocrx_word' id='word_1_237' title='bbox 368 2667 427 2734; x_wconf 77' lang='lat' dir='ltr'><strong>pulsi</strong></span> <span class='ocrx_word' id='word_1_238' title='bbox 440 2667 580 2732; x_wconf 73' lang='lat' dir='ltr'><strong>petieruute</strong></span> <span class='ocrx_word' id='word_1_239' title='bbox 598 2666 632 2728; x_wconf 71' lang='grc' dir='ltr'><strong>ἃ,</strong></span> <span class='ocrx_word' id='word_1_240' title='bbox 649 2664 717 2730; x_wconf 91' lang='lat' dir='ltr'><strong>quod</strong></span> <span class='ocrx_word' id='word_1_241' title='bbox 726 2664 891 2728; x_wconf 81' lang='lat' dir='ltr'><strong>legationibus</strong></span> 
     </span>
     <span class='ocr_line' id='line_1_33' title="bbox 140 2742 890 2811; baseline -0.001 -18"><span class='ocrx_word' id='word_1_242' title='bbox 140 2742 306 2807; x_wconf 88' lang='lat' dir='ltr'><strong>nequicquam</strong></span> <span class='ocrx_word' id='word_1_243' title='bbox 318 2743 380 2811; x_wconf 75' lang='lat' dir='ltr'><strong>sape</strong></span> <span class='ocrx_word' id='word_1_244' title='bbox 396 2753 562 2806; x_wconf 84' lang='lat' dir='ltr'><strong>tentaverant,</strong></span> <span class='ocrx_word' id='word_1_245' title='bbox 579 2744 604 2794; x_wconf 86' lang='lat' dir='ltr'><strong>id</strong></span> <span class='ocrx_word' id='word_1_246' title='bbox 618 2742 642 2792; x_wconf 90' lang='lat' dir='ltr'><strong>se</strong></span> <span class='ocrx_word' id='word_1_247' title='bbox 654 2753 726 2792; x_wconf 81' lang='lat' dir='ltr'><strong>tanto</strong></span> <span class='ocrx_word' id='word_1_248' title='bbox 739 2745 839 2806; x_wconf 79' lang='lat' dir='ltr'><strong>agmine</strong></span> <span class='ocrx_word' id='word_1_249' title='bbox 849 2759 890 2792; x_wconf 85' lang='lat' dir='ltr'><strong>ar-</strong></span> 
     </span>
     <span class='ocr_line' id='line_1_34' title="bbox 139 2821 891 2888; baseline 0 -16"><span class='ocrx_word' id='word_1_250' title='bbox 139 2831 275 2883; x_wconf 86' lang='lat' dir='ltr'><strong>matorum,</strong></span> <span class='ocrx_word' id='word_1_251' title='bbox 292 2823 377 2873; x_wconf 84' lang='lat' dir='ltr'><strong>mixtis</strong></span> <span class='ocrx_word' id='word_1_252' title='bbox 394 2833 487 2873; x_wconf 88' lang='lat' dir='ltr'><strong>terrore</strong></span> <span class='ocrx_word' id='word_1_253' title='bbox 507 2822 628 2888; x_wconf 80' lang='lat' dir='ltr'><strong>precibus,</strong></span> <span class='ocrx_word' id='word_1_254' title='bbox 652 2822 749 2872; x_wconf 70' lang='lat' dir='ltr'><strong>aeluros</strong></span> <span class='ocrx_word' id='word_1_255' title='bbox 767 2821 891 2873; x_wconf 80' lang='lat' dir='ltr'><strong>efficacius</strong></span> 
     </span>
     <span class='ocr_line' id='line_1_35' title="bbox 139 2897 890 2969; baseline 0.004 -19"><span class='ocrx_word' id='word_1_256' title='bbox 139 2900 197 2959; x_wconf 81' lang='lat' dir='ltr'><strong>rati,</strong></span> <span class='ocrx_word' id='word_1_257' title='bbox 208 2898 393 2964; x_wconf 86' lang='lat' dir='ltr'><strong>postulaverunt</strong></span> <span class='ocrx_word' id='word_1_258' title='bbox 404 2902 544 2969; x_wconf 89' lang='lat' dir='ltr'><strong>principum</strong></span> <span class='ocrx_word' id='word_1_259' title='bbox 552 2897 808 2954; x_wconf 77' lang='lat' dir='ltr'><strong>Etruriaconcili&#39;um.</strong></span> <span class='ocrx_word' id='word_1_260' title='bbox 828 2904 890 2965; x_wconf 79' lang='lat' dir='ltr'><strong>Quo</strong></span> 
     </span>
     <span class='ocr_line' id='line_1_36' title="bbox 131 2973 890 3042; baseline 0.008 -20"><span class='ocrx_word' id='word_1_261' title='bbox 131 2973 237 3036; x_wconf 71' lang='lat' dir='ltr'><strong>¹coalio,</strong></span> <span class='ocrx_word' id='word_1_262' title='bbox 249 2987 292 3040; x_wconf 86' lang='lat' dir='ltr'><strong>pet</strong></span> <span class='ocrx_word' id='word_1_263' title='bbox 302 2987 364 3041; x_wconf 91' lang='lat' dir='ltr'><strong>quot</strong></span> <span class='ocrx_word' id='word_1_264' title='bbox 372 2991 449 3026; x_wconf 84' lang='lat' dir='ltr'><strong>annos</strong></span> <span class='ocrx_word' id='word_1_265' title='bbox 459 2992 506 3042; x_wconf 91' lang='lat' dir='ltr'><strong>pro</strong></span> <span class='ocrx_word' id='word_1_266' title='bbox 516 2975 629 3024; x_wconf 88' lang='lat' dir='ltr'><strong>libertate</strong></span> <span class='ocrx_word' id='word_1_267' title='bbox 640 2976 758 3027; x_wconf 87' lang='lat' dir='ltr'><strong>dimicent</strong></span> <span class='ocrx_word' id='word_1_268' title='bbox 769 2992 827 3026; x_wconf 91' lang='lat' dir='ltr'><strong>cum</strong></span> <span class='ocrx_word' id='word_1_269' title='bbox 836 2979 890 3028; x_wconf 78' lang='lat' dir='ltr'><strong>lto-</strong></span> 
     </span>
     <span class='ocr_line' id='line_1_37' title="bbox 130 3051 890 3169; baseline 0.004 -65"><span class='ocrx_word' id='word_1_270' title='bbox 130 3051 229 3119; x_wconf 60' lang='grc' dir='ltr'><strong>Διιιαιῑίε,</strong></span> <span class='ocrx_word' id='word_1_271' title='bbox 246 3063 386 3121; x_wconf 82' lang='lat' dir='ltr'><strong>exponunt.</strong></span> <span class='ocrx_word' id='word_1_272' title='bbox 403 3055 475 3106; x_wconf 77' lang='lat' dir='ltr'><strong>omnia</strong></span> <span class='ocrx_word' id='word_1_273' title='bbox 491 3062 590 3124; x_wconf 77' lang='lat' dir='ltr'><strong>expertos</strong></span> <span class='ocrx_word' id='word_1_274' title='bbox 605 3051 653 3121; x_wconf 81' lang='lat' dir='ltr'><strong>effe,</strong></span> <span class='ocrx_word' id='word_1_275' title='bbox 665 3053 890 3169; x_wconf 64' lang='lat' dir='ltr'><strong>fisnsmetipspppm</strong></span> 
     </span>
     <span class='ocr_line' id='line_1_38' title="bbox 475 3134 887 3172; baseline -0.007 0"><span class='ocrx_word' id='word_1_276' title='bbox 475 3163 478 3172; x_wconf 92' lang='lat'>.</span> <span class='ocrx_word' id='word_1_277' title='bbox 800 3137 841 3172; x_wconf 77' lang='lat' dir='ltr'><strong>vu</strong></span> <span class='ocrx_word' id='word_1_278' title='bbox 862 3134 887 3168; x_wconf 80' lang='lat' dir='ltr'><strong>ru</strong></span> 
     </span>
    </p>
   </div>
   <div class='ocr_carea' id='block_1_3' title="bbox 0 0 1004 3709">
    <p class='ocr_par' dir='ltr' id='par_1_3' title="bbox 0 0 1004 3709">
     <span class='ocr_line' id='line_1_39' title="bbox 0 0 1004 3709; baseline 0 4"><span class='ocrx_word' id='word_1_279' title='bbox 0 0 1004 3709; x_wconf 95' lang='lat' dir='ltr'><strong> </strong></span> 
     </span>
    </p>
   </div>
  </div>
 </body>
</html>
