2000 3709
298 251 322 303 L
339 252 352 304 1
370 252 389 304 B
407 249 468 302 ER
503 247 620 301 xxvn.
787 264 838 312 529

117 338 234 392 XXXII.
252 342 364 390 Primum
380 339 455 403 diem,
473 353 525 404 quo
541 338 602 388 fines
617 335 723 389 hodium
741 335 839 402 ingrelli

84 413 150 484 sunt,
168 419 313 486 populando
330 417 529 485 absumpserunt.
566 418 665 468 Postero
683 416 788 467 diencie
799 418 840 466 in·

85 496 176 547 lirueii
187 499 218 548 ad
229 490 315 547 urbem
328 495 486 560 accesserunt,
499 495 622 564 praemillis
634 495 759 561 equitibus
766 513 774 554 ;
785 485 839 560 qui,
871 518 889 563 ,-

85 574 256 642 obequitando
273 577 359 644 portis,
377 586 523 644 promptum
540 575 571 624 ad
589 574 745 625 excursiones
761 588 841 640 genus
876 565 880 571 ⁸

83 651 225 706 lacesserent
248 655 399 705 AEtoiorum.
431 643 599 718 ignorabant,
623 653 759 718 Sulpicium
782 666 841 702 cum

85 731 230 798 quindecim
246 733 354 782 navibus
372 732 404 781 ab
422 729 553 798 Naupalio
572 731 694 796 cyllenen
712 728 842 794 trajeeiise,

85 807 121 871 dt,
138 808 256 875 expolitis
273 810 407 860 interram
426 817 535 874 quatuor
550 807 660 856 millibus
677 818 842 872 armatorum,

82 883 181 938 lilentio
198 887 285 952 noetis,
302 903 335 937 ne
352 885 463 954 conspici
481 900 571 950 agmen
593 884 680 953 pollet,
697 883 794 934 intriffe
806 887 842 935 E·

83 961 139 1014 lim.
174 965 263 1030 Itaque
273 963 410 1034 improvisa
423 977 460 1012 res
472 962 599 1025 ingentem
611 961 698 1024 injecit
710 973 841 1024 terrorem,

85 1039 216 1107 postquam
233 1042 299 1091 inter
310 1041 407 1092 AEtolos
420 1038 542 1106 Eleosque
554 1042 668 1089 Romana
685 1038 751 1104 ligna
766 1051 842 1104 atque

84 1131 153 1165 arma
172 1131 325 1181 cognovere.
360 1119 392 1166 Et
412 1117 495 1184 primo
515 1117 624 1182 recipere
644 1116 701 1166 suos
724 1116 842 1165 voluerat

83 1206 146 1242 rex:
164 1191 229 1254 dein,
246 1193 436 1257 contradojam
448 1194 515 1242 inter
527 1193 625 1242 AEtolos
642 1192 667 1242 dt
684 1191 784 1240 Trallos
796 1191 842 1253 (ll-

83 1271 209 1336 lyriorum
226 1271 251 1321 id
269 1275 302 1323 est
319 1272 403 1338 genus)
421 1271 564 1335 certamine,
582 1285 661 1337 quum
671 1273 753 1334 urgeri
769 1270 842 1319 v'ide-

84 1360 123 1400 ret
135 1347 199 1412 suos,
217 1350 243 1402 ἃ
261 1345 376 1418 ipse'rex
394 1367 452 1400 cum
471 1351 583 1416 equitatu
601 1352 627 1399 in
645 1350 775 1400 cohortem
788 1352 841 1398 Ro·

83 1439 186 1476 menam
198 1426 311 1478 incurrit.
346 1428 385 1477 lbi
404 1443 481 1493 equus
500 1426 678 1493 pilotrajctius
691 1442 767 1492 quum
779 1440 841 1492 pro·

83 1503 181 1570 lapsum
194 1519 237 1571 per
246 1517 322 1573 caput
335 1521 418 1572 regem
430 1503 559 1565 effudisset,
576 1517 650 1554 atrox
659 1520 743 1570 pugna
752 1497 841 1554 'utrin-

82 1597 133 1648 que
150 1584 251 1634 acceusa
269 1586 310 1648 eli,
328 1585 397 1635 &ab
410 1585 529 1634 Romanis
546 1585 642 1650 impetu
659 1583 685 1632 in
700 1598 783 1646 regem
800 1581 840 1632 fa-

83 1658 134 1724 tio,
153 1661 377 1730 &protegentibus
389 1663 471 1728 regiis.
508 1662 612 1726 Insignis
624 1661 649 1711 81
666 1660 740 1728 ipfius
756 1675 841 1728 pugna

6 1783 7 1786 ,
83 1735 143 1800 fuit,
161 1755 238 1808 quum
257 1741 329 1808 pedes
348 1742 412 1790 inter
424 1741 519 1806 equites
534 1739 632 1788 eortius
650 1738 707 1787 esset
724 1739 840 1805 proelium

82 1813 157 1865 inire.
175 1816 241 1882 dein,
254 1835 331 1884 quum
342 1819 392 1882 jam
405 1819 486 1885 impar
497 1828 619 1866 certarnen
630 1814 696 1876 ellet',
708 1815 839 1865 caderent·

82 1908 133 1960 que
145 1895 210 1945 eirca
222 1911 279 1948 eum
291 1897 374 1960 multi,
385 1896 409 1946 dt
422 1895 621 1958 vulnerarentur,
638 1905 722 1960 raptus
737 1893 768 1944 ab
780 1893 839 1963 suis,
855 1915 858 1918 ⁴

82 1983 160 2038 atque
176 1975 246 2024 alteri
261 1990 325 2040 equo
337 1973 448 2038 injeiius,
466 1975 540 2034 sugit.
576 1976 614 2022 Eo
624 1972 665 2022 die
677 1973 752 2022 castra
764 1975 839 2038 quin-

82 2062 133 2114 que
150 2050 228 2100 millia
244 2051 356 2118 paffuum
372 2052 404 2101 ab
422 2051 483 2100 urbe
501 2052 618 2102 Eleorum
630 2049 722 2117 posuit.
740 2052 839 2116 postero

81 2126 114 2176 ad
132 2127 255 2178 castellum
272 2130 394 2196 (Pyrgum
412 2131 515 2191 vocant)
534 2128 618 2194 copias
638 2143 722 2177 omnes
734 2128 838 2180 eduxit:

82 2208 135 2272 quo
146 2207 277 2270 agrestium
294 2206 479 2256 multitudinem
491 2221 548 2254 cum
562 2206 698 2272 pecoribus,
708 2218 778 2256 metu
790 2224 838 2274 po·

80 2281 542 2352 pulationum·compulsamaudierat.
561 2300 616 2334 eam
625 2286 781 2337 inconditam
798 2288 837 2337 in·

81 2374 223 2427 crinemque
234 2362 418 2412 multitudinem
430 2364 514 2430 primo
527 2363 609 2412 statim
629 2374 722 2414 terrore
729 2365 837 2430 adveni·

79 2451 124 2486 ens
133 2439 214 2505 cepit:
232 2438 484 2506 compensaveratque
496 2439 623 2505 capraedt,
645 2441 714 2506 quod
726 2442 837 2505 ignomi-

80 2513 129 2564 niae
144 2515 174 2566 ad
184 2517 249 2567 Elim
264 2529 395 2585 acceptum
407 2517 497 2567 iuerat.
534 2517 665 2567 Dividenti
675 2519 784 2585 predum
794 2535 838 2570 ea·

79 2591 215 2661 ptivosque
226 2595 333 2656 (fuerant
346 2605 427 2644 autem
437 2606 546 2660 quatuor
558 2597 635 2646 millia
643 2597 782 2660 hominum,
791 2613 837 2665 pe·

79 2669 147 2721 coris
158 2673 239 2722 omnis
250 2672 346 2737 generis
361 2670 392 2720 ad
406 2672 484 2724 millia
496 2673 598 2739 viginti)
615 2675 721 2723 nuncius
732 2689 767 2726 ex
776 2678 837 2724 Ma-

79 2747 186 2798 cedonia
198 2750 276 2812 venit,
292 2752 403 2816 Eropum
416 2749 557 2818 quemdam,
571 2761 690 2817 corrupto
699 2751 762 2800 arcis
774 2767 836 2818 prae·

7 2845 10 2872 ,ι
79 2823 183 2890 srdiique
195 2823 319 2892 praescito,
337 2821 498 2892 Lychnidum
510 2824 612 2892 cepiffe:
631 2836 715 2876 tenere
733 2827 759 2876 dr
772 2828 836 2878 Das·

79 2903 228 2956 saretiorum
237 2901 357 2969 quosdam
366 2904 446 2967 vicos,
466 2903 492 2954 ἃ
503 2903 633 2955 Dardanos
643 2906 718 2955 etiam
728 2907 840 2958 concire·
859 2890 862 2901 ¹

7 2973 9 3008 ³
81 2981 178 3033 omitto
196 2981 273 3046 igitur
290 2980 404 3032 Achaico
423 2982 502 3045 bello,
526 2981 617 3034 retitur
637 2993 720 3034 tamen
738 2983 837 3037 duobus
875 3011 882 3022 ι

79 3059 229 3112 millibus&
241 3059 383 3129 quingentis
400 3061 483 3115 omnis
493 3064 590 3130 generis
606 3071 760 3117 armatorum
776 3077 836 3116 cum
