2000 3709
97 349 100 356 1
140 341 144 354 Y
314 275 483 328 LIBER
518 276 635 327 XXVII.
797 286 842 341 551

124 370 171 422 LI.
190 367 260 438 ipsos
273 369 362 421 deinde
373 372 575 437 appropinquare
587 371 682 433 legatos
693 350 793 432 aliatum
802 367 846 418 esi.

10 475 14 488 ·
90 457 147 497 tum
161 449 292 496 enimvero
304 448 386 498 omnis
401 458 458 496 aetas
468 461 566 495 currere
575 445 656 509 obvii,
674 447 768 512 primus
778 443 846 512 quis·

23 557 24 562 ,
89 539 139 589 que
157 524 236 574 oculis
253 524 402 590 auribusque
419 521 519 572 haurir'e
533 533 630 572 tantum
644 523 764 588 gaudium
776 522 848 592 cupi·

90 611 169 651 entes.
187 603 218 652 ad
239 603 367 652 Mulvium
386 601 462 668 usque
482 613 585 669 pontem
606 602 848 667 continensagmen

91 681 217 746 pervenit.
252 681 342 746 Legati
359 675 440 742 (erant
456 682 488 728 L.
502 679 621 727 Veturius
639 679 718 740 Philo,
737 681 765 728 Ρ.
778 679 848 747 Lici·

90 757 147 806 nius
162 761 253 820 Varus,
272 762 305 822 Q.
326 759 439 808 caecilius
457 757 585 822 Metellus)
606 755 748 807 circumfusi
767 757 849 807 omnis
923 798 925 801 .

92 837 189 900 generis
207 837 338 887 hominum
358 835 498 902 frequentis
519 837 545 885 in
564 835 648 884 sorum
666 844 848 902 pervenerunt,

16 941 17 944 ¹
91 913 169 980 quum
182 915 224 964 alii
241 915 317 982 ipsos,
334 916 376 967 alii
392 914 493 966 comites
511 929 608 975 eorum,
624 928 679 979 quae
693 911 746 962 ntia
760 912 846 977 essent,

92 991 321 1056 percuntiarentur,
339 992 365 1041 dt
374 1001 402 1040 ut
411 991 514 1056 quisque
523 989 645 1052 audierat,
657 989 794 1038 exercitum
804 989 849 1038 ho·
913 989 916 997 ’

42 1059 45 1065 ’
92 1065 166 1114 silum
179 1067 404 1133 imperatoremque
416 1064 534 1127 occistun,
552 1065 662 1129 legiones
674 1064 848 1114 Romanasin·

92 1143 212 1204 colunres,
225 1142 306 1192 salvos
319 1142 431 1195 consules
442 1139 498 1204 elle,
510 1142 639 1208 extemplo
651 1141 705 1189 aliis
715 1156 791 1207 porro
799 1141 847 1190 im-

92 1220 233 1286 pertiebant
245 1220 362 1283 gaudium
373 1219 453 1268 suum.
480 1222 566 1282 Quum
577 1233 641 1282 aegre
650 1218 675 1266 in
687 1218 781 1267 curiam
790 1233 847 1284 per·
915 1259 922 1272 ,

91 1297 203 1346 ventum
211 1295 375 1360 effen-multo
392 1291 482 1360 aegrius
494 1293 617 1344 summota
626 1294 707 1357 turba,
725 1309 757 1343 ne
768 1293 848 1344 Patri·

92 1372 140 1422 bus
157 1371 308 1436 misceretur,
326 1375 402 1424 literae
420 1374 445 1422 iu
463 1371 550 1423 senatu
564 1373 680 1422 'recitatae
700 1370 766 1420 suoi.
790 1371 848 1422 inde

92 1448 207 1516 produsii
221 1451 245 1499 in
255 1451 405 1500 concionem
414 1449 499 1513 legati.
535 1451 567 1498 L.
578 1449 705 1511 Veturius,
722 1448 847 1501 literisre·

93 1527 185 1590 citatis,
202 1526 253 1593 ipse
269 1528 364 1594 planius
379 1527 480 1596 omnia,
490 1515 545 1592 que
560 1523 614 1574 atta
631 1536 709 1586 eraut,
727 1525 847 1592 exposuit

10 1601 13 1618 ³
93 1620 152 1655 cum
164 1606 260 1669 ingenti
271 1605 374 1667 assensu,
392 1606 516 1672 postremo
524 1605 600 1654 ctiam
610 1604 716 1653 clamore
725 1605 848 1656 universa·

93 1681 232 1744 concionis,
250 1697 326 1746 quum
338 1683 385 1731 virt
398 1680 516 1745 gaudium
527 1680 616 1728 animis
629 1690 754 1745 caperent.
789 1679 846 1728 Dis·
922 1692 926 1697 ·

88 1755 193 1807 ‘cursum
205 1756 261 1807 inde
272 1759 304 1806 ab
316 1758 369 1806 aliis
381 1757 446 1807 circa
462 1757 553 1822 templa
569 1755 660 1817 Deum,
679 1766 708 1804 ut
725 1765 807 1819 grates
818 1772 845 1805 a·

60 1867 66 1870 -
93 1843 179 1898 gerent
188 1851 195 1893 ;
213 1833 245 1882 ab
255 1833 310 1882 aliis
328 1833 425 1894 domos,
442 1843 470 1880 ut
482 1832 631 1895 conjugibus
646 1829 779 1895 liberisque
794 1841 846 1881 tam

92 1910 177 1960 laetum
187 1911 306 1960 nuncium
315 1911 479 1978 impertirent.
515 1912 626 1970 Senatus,
643 1907 710 1974 quod
721 1911 760 1956 M.
773 1908 846 1958 Livi-

92 2001 123 2036 us
138 1987 163 2036 ἀ
173 1989 203 2037 C.
217 1987 334 2038 Claudius
349 1987 468 2047 consules,
486 1987 605 2037 ineolumi
618 1985 741 2047 exercitu,
757 1984 846 2035 ducem

93 2063 202 2114 hostium
211 2065 368 2132 legionesque
379 2063 531 2126 occidissent,
548 2061 755 2130 supplicationem
765 2063 790 2111 in
800 2063 845 2111 tri·

93 2141 172 2191 duum
187 2141 306 2192 decrevit.
325 2158 379 2192 cam
397 2141 602 2208 supplicationem
616 2143 646 2189 C.
655 2139 772 2190 Hostilius
783 2155 862 2206 prae·-

92 2227 135 2270 tor
146 2233 192 2285 pro
208 2220 329 2268 concione
343 2219 431 2282 edixit,
448 2217 620 2284 celebrataque
636 2222 650 2266 'a
665 2217 725 2266 viris
734 2215 845 2265 seminis-

93 2309 142 2361 que
153 2294 195 2348 est.
231 2287 322 2347 Omnia
337 2297 430 2363 templa
447 2311 491 2364 per
507 2305 589 2346 totum
605 2295 715 2344 triduum
726 2294 845 2360 aequalem

93 2373 194 2424 turbam
202 2373 327 2425 habuere:
345 2391 423 2442 quum
432 2379 552 2424 matrona
560 2373 777 2440 ampliffimivelle
786 2388 845 2423 eum

93 2450 185 2512 liberis,
203 2452 304 2518 perinde
324 2468 353 2502 ae
371 2452 388 2502 fi
406 2451 558 2521 debellatum
577 2450 652 2511 soret,
671 2452 740 2500 omni
759 2446 845 2502 soluta

10 2579 12 2584 ,
93 2539 173 2591 metu,
190 2529 250 2578 Deis
261 2529 442 2580 immortalibus
454 2532 535 2593 grates
543 2538 654 2592 agerent.
674 2532 768 2577 Statum
780 2543 845 2595 quo·

92 2619 144 2672 que
156 2605 266 2664 civitatis
277 2611 306 2656 ela
318 2607 423 2658 victoria
433 2607 533 2656 movit:
551 2605 638 2668 utjam
648 2605 713 2671 inde,
731 2606 796 2656 haud
808 2607 844 2656 se·

10 2731 14 2746 ‚
93 2697 139 2732 cus
153 2689 228 2748 quim
245 2685 270 2734 in
281 2699 349 2750 pace,
366 2699 404 2734 res
416 2686 481 2735 inter
491 2683 516 2733 se
531 2685 685 2747 contrahere,
703 2683 845 2749 vendendo,

94 2760 209 2823 emendo,
227 2774 343 2812 mutuum
359 2761 450 2824 dando,
467 2771 598 2826 argentum
612 2761 733 2811 creditum
745 2760 845 2812 solven-

93 2835 137 2901 do,
155 2837 283 2890 auderent.
320 2843 349 2890 C.
362 2839 479 2890 Claudius
488 2839 574 2890 consul
583 2854 661 2905 quum
670 2840 697 2889 in
708 2839 785 2890 casira
793 2829 846 2890 red

93 2910 157 2976 isset,
175 2926 249 2984 caput
265 2913 435 2978 Hasdrubalis,
452 2913 520 2980 quod
532 2915 723 2966 servatumcum
737 2926 845 2968 cureat·

93 2985 193 3055 tulerat,
209 2992 300 3059 projici
312 3002 368 3040 ante
381 2993 487 3043 hossium
496 2992 618 3056 stationes,
636 2993 800 3060 captivosque
809 2997 845 3044 A·
892 3041 895 3046 .

93 3064 148 3120 sros
160 3070 264 3144 sintice,
280 3081 309 3122 ut
317 3081 396 3138 crant,
414 3061 517 3138 ostendi,
533 3069 597 3124 duos
607 3072 725 3125 etiamen
739 3073 769 3124 iis
779 3071 845 3123 solu·

205 3158 208 3168 '
802 3161 845 3205 208
861 3179 870 3194 ν
905 3182 908 3187 >
