2000 3709
166 163 232 238 ἰιι
444 181 481 234 τ.
515 182 675 236 arvtr

183 269 334 338 comparatis
353 245 519 340 deduslisque
535 274 561 324 Bc
577 249 666 324 additis
686 273 798 342 quinque
816 272 934 334 navibus,

184 361 241 412 que
248 348 401 400 advexerant
410 354 525 418 captivos
533 353 635 418 legatos,
652 354 757 417 triginta
765 369 841 406 nares
851 355 887 404 ab
900 357 933 402 0-

94 449 100 458 ·
184 423 376 480 sluTarentum
386 430 518 498 proselire
533 431 697 498 jussusqueP.
708 433 829 496 Valerius,
844 431 934 483 militi-

185 500 231 552 bus
244 508 412 596 Varronianls,
429 508 518 574 quibus
535 511 567 558 L.
587 509 703 576 Apustius
714 511 810 575 legatus
826 509 934 560 Tarenti

182 594 293 649 preerat,
304 585 416 636 intrares
427 587 554 654 impositis,
570 588 751 653 quinquaginta
759 590 863 641 narium
872 586 933 638 clas-

181 657 268 711 senon
281 667 343 714 tueri
361 665 437 716 modo
452 666 529 716 Italic
541 679 617 729 oram,
635 664 676 715 sed
688 667 821 734 explorare
830 667 861 718 de
875 669 933 716 Ma-

182 737 306 794 eedouico
315 743 387 802 bello.
405 745 594 810 srcongruentia
608 744 685 795 literis
695 746 901 814 legatorumque
895 761 932 795 m-

180 811 253 868 tlieiis
268 821 394 894 Philippi
388 821 489 874 confilia
506 820 589 885 essent,
606 833 635 871 ut
648 825 689 888 M.
701 824 830 873 Valerium
842 833 932 891 prato

180 905 235 944 tem
247 895 323 948 lrteru
332 903 462 950 certiorem
470 899 578 950 saeeret
596 899 674 966 isque,
690 902 723 950 L
734 900 839 968 Apullro
847 901 931 964 legato

180 975 304 1026 exercitui
322 977 460 1046 praepofito,
478 981 617 1029 Tarentum
634 977 666 1028 ad
682 979 780 1028 classem
797 977 929 1046 prolestus,

173 1051 263 1124 primo
275 1068 376 1122 quoque
386 1067 497 1124 tempore
508 1057 534 1106 in
549 1054 724 1105 Macedoniam
738 1055 928 1108 transmitteret.

171 1127 297 1197 daretque
307 1149 418 1206 operam
434 1145 462 1186 ut
480 1135 646 1202 Philippum'
639 1151 665 1184 m
683 1151 762 1200 regno
778 1137 926 1186 contineret.

174 1201 286 1259 Pecunia
296 1209 328 1260 ad
339 1198 434 1262 classem
446 1211 564 1261 tuendam
581 1211 723 1277 bellumque
734 1213 926 1262 nlacedonicum

174 1291 209 1334 'ea
220 1284 317 1337 decreta
329 1290 369 1354 ell,
388 1305 442 1356 quae
454 1292 504 1357 Ap.
515 1289 636 1340 Claudio
629 1305 654 1339 m
667 1290 775 1339 Siciliam
783 1291 852 1340 missa
865 1301 926 1354 erat,

176 1371 208 1415 ut
218 1364 360 1420 redderetur
374 1368 477 1419 Hieroni
491 1368 558 1432 regi:
577 1381 606 1416 ea
617 1369 704 1434 perL
718 1369 848 1436 Apustium
858 1369 925 1432 lega

176 1449 233 1492 urm
243 1446 381 1498 Tarentum
389 1447 422 1496 ell
434 1443 544 1498 devesla.
563 1444 632 1494 simul
645 1444 677 1493 ab
686 1447 796 1496 Hierone
805 1443 870 1495 missa
875 1444 924 1495 du·

175 1525 249 1570 tenta
257 1523 333 1574 millia
342 1523 546 1586 modulmtutrct
564 1521 685 1573 &hordei
695 1534 805 1572 centum

209 1599 337 1652 XXXIX.
354 1605 422 1654 Dum
438 1603 489 1653 hac
507 1602 614 1657 Romani
633 1613 871 1669 parantaguntque,
889 1600 919 1651 ad

108 1687 112 1698 ¹
173 1673 319 1746 Philippum
338 1681 438 1750 captiva
455 1681 535 1746 navis,
551 1697 608 1739 ,una
624 1695 657 1730 ex
677 1681 715 1743 iis,
734 1696 792 1746 quae
811 1683 918 1730 Romam

174 1753 250 1808 miffae
266 1770 344 1824 erant,
362 1774 394 1809 ex
412 1759 483 1809 cursu
503 1758 610 1823 refugit:
633 1757 691 1808 inde
710 1759 809 1822 scitum,
825 1760 917 1823 legatos

173 1851 233 1886 eum
251 1836 327 1888 literis
344 1850 437 1906 captos.
466 1839 549 1902 itaque
568 1837 667 1901 ignarus
682 1835 713 1886 de
733 1838 771 1898 iis,
788 1853 843 1903 quae
861 1851 916 1886 cum

170 1907 312 1966 Hannibale
324 1915 410 1980 legatis
428 1913 475 1964 suis
492 1912 669 1973 convenissent,
686 1929 789 1980 quaque
806 1913 879 1978 legati
891 1927 914 1960 e·
962 1975 964 1977 ‚

168 1990 211 2056 jus
222 1991 253 2042 acl
265 1991 288 2041 se
299 1993 395 2042 allaturi
407 1991 511 2055 luissent,
523 1991 672 2056 legationem
680 1993 754 2040 aliam
764 2007 820 2041 cum
829 1989 914 2041 eisdem

170 2068 293 2118 mandatis
309 2069 394 2120 mittit.
431 2069 519 2132 Legati
531 2067 562 2117 ad
580 2067 745 2119 Hannibalem
754 2068 823 2130 milli,
837 2070 913 2132 llera·

169 2145 252 2210 clitus,
269 2147 310 2196 cui
325 2149 426 2198 Scotino
438 2161 579 2212 cognomen
588 2156 648 2210 erat,
666 2145 691 2194 u
703 2145 774 2198 Crito
783 2149 913 2213 auocare,

170 2223 326 2274 &Sositheus
344 2227 467 2290 Magnes..
491 2223 526 2274 Hi
540 2223 655 2292 prospere
673 2222 782 2272 tulerunt
791 2239 821 2273 ac
831 2223 912 2272 retule-

165 2309 227 2352 tunt
233 2303 359 2354 mandata.
376 2303 417 2354 scd
426 2301 494 2370 prius
506 2302 532 2351 se
544 2303 608 2352 allas
618 2302 771 2366 circumegit,
782 2306 856 2367 quam
863 2317 912 2352 mo·

168 2395 230 2432 vere
241 2398 269 2432 ac
281 2382 363 2434 moliri
372 2383 506 2448 quicquam
514 2396 559 2430 rex
569 2379 647 2447 posset
658 2398 664 2429 :
681 2390 778 2429 tantum
787 2383 910 2430 narisuna

165 2469 241 2528 capta
250 2474 307 2510 eum
321 2460 407 2524 legatis
421 2459 541 2510 momenti
552 2456 621 2522 lecit,
638 2457 668 2506 ad
678 2456 823 2507 dilationem
834 2457 911 2508 immi·

143 2540 249 2592 ‘nentis
262 2539 381 2591 Romanis
394 2537 462 2588 belli.
497 2539 529 2586 Et
545 2537 611 2586 eirea
630 2539 749 2602 Capuam,
768 2533 910 2602 transgresso
958 2570 960 2581 ι

165 2616 320 2672 Vulturnum
336 2615 414 2666 Fabio
427 2613 480 2682 poll
497 2612 708 2682 expiatatandem
719 2613 843 2680 prodigia,
860 2628 910 2664 am-

163 2691 382 2750 boconsulcsrem
394 2693 521 2756 gerebant.
558 2691 761 2757 Compulteriam,
777 2691 910 2743 &Trebu
957 2736 959 2739 ,

162 2775 223 2834 lam,
241 2771 266 2821 ἃ
283 2769 424 2836 Saticulam,
439 2769 520 2833 urbes,
536 2785 590 2835 qua
601 2767 631 2817 ad
642 2771 745 2818 Poenum
762 2768 909 2837 defecerant,

162 2854 254 2910 Fabius
270 2851 297 2900 vi
309 2849 394 2917 cepit,
412 2847 568 2916 praefidiaque
582 2849 609 2897 in
626 2848 655 2898 iis
667 2849 821 2914 Hannibalis,
841 2853 909 2901 Cam·
956 2890 958 2893 .

91 2947 94 2952 ¹
158 2930 270 2998 patrique
279 2925 400 2992 ,permulti
417 2927 494 2992 capti.
529 2927 562 2976 Et
573 2926 653 2991 Nola,
671 2925 732 2976 ficut
740 2927 825 2995 priore
835 2944 923 2994 anno,

114 3039 117 3046 .
161 3004 258 3058 senatu
269 3005 449 3068 Romanorum,
465 3004 535 3075 plebi
549 3004 698 3059 Hannibalis
714 3015 784 3058 erat:
800 3007 908 3061 consilia-
955 3034 956 3041 ι

857 3097 906 3156 ιιι
