2000 3709
310 301 484 365 'stant
518 298 594 364 xxi.
780 311 823 376 ot

76 385 120 441 ise
130 400 209 456 ratus,
227 391 405 458 contastosqne
417 407 449 442 eo
461 391 558 455 scelere,
574 392 645 443 velut
653 387 828 456 injesiirabie,

81 467 107 517 ad
118 484 191 518 arma
202 469 297 530 ituros;
315 485 458 536 quanquam
471 471 552 534 gravis
563 469 644 519 adhuc
654 470 757 519 vulnere
769 479 832 533 erat,

80 556 161 596 nmen
178 547 268 613 quarti
279 548 367 611 vigilii
383 547 463 597 nostis
480 546 627 612 insequentis
643 548 721 598 tacito
731 549 832 612 agmine

80 623 206 690 profesius
224 625 257 676 ad
272 627 394 676 Trebiam
406 627 523 690 fluvium,
539 628 565 676 in
575 628 632 676 lo'ea
642 627 731 675 altiora
745 625 832 676 colles·

81 717 125 768 que
142 702 318 770 impeditiores
334 705 414 770 equiti
431 704 507 753 casira
516 716 611 754 movet.
645 705 740 768 Minus,
757 709 833 771 quiam

81 780 109 830 ad
121 777 257 845 Ticinum,
267 781 372 831 sesellit:
391 777 512 846 mitbsque
520 781 644 831 Hannibal
655 784 766 848 primum
778 787 833 831 Nn·

81 859 164 922 midis,
180 857 271 908 deinde
287 861 358 909 omni
369 860 491 924 equitatu,
508 859 623 909 turbasset
633 861 720 934 utique
730 861 834 909 norissi-

81 953 151 988 mum
171 936 271 1003 agmen,
289 940 315 989 ni
335 939 457 988 aviditate
473 939 560 1006 praedae
580 941 606 990 in
622 956 704 990 vacua
718 942 834 991 Romana

81 1018 159 1068 casira
177 1019 294 1068 Numidae
311 1012 478 1068 deveriisscnt.
512 1017 552 1067 lbi
568 1018 636 1083 dum,
654 1017 835 1086 perscrutantes

82 1097 138 1147 loca
155 1098 243 1146 omnia
255 1097 404 1161 castrorum,
422 1097 490 1146 nullo
504 1097 561 1147 satis
577 1097 655 1162 digno
665 1113 740 1148 morae
751 1100 834 1166 pretio

82 1170 181 1239 sempus
189 1186 288 1238 terunt,
297 1173 394 1225 emillits
406 1174 479 1225 bostis
491 1175 520 1225 de
531 1177 645 1226 manibus
656 1175 706 1225 est:
718 1177 744 1226 ἀ
756 1193 834 1242 quum

81 1253 135 1317 jam
154 1254 313 1320 transgressos
325 1255 447 1322 Trebiam
463 1258 598 1320 Romanos,
615 1255 782 1320 metantesque
793 1271 835 1305 ca-

83 1332 131 1382 sira
143 1333 335 1400 conspexissent,
343 1345 436 1401 paucos
446 1345 599 1384 moratorum
606 1333 762 1398 occiderunt,
774 1335 837 1383 citra

84 1414 177 1462 flumen
190 1411 352 1478 interceptos.
388 1410 478 1476 Scipio,
488 1415 535 1460 'nec
551 1411 714 1461 vexationem
725 1411 836 1462 vulneris

85 1493 112 1542 in
122 1490 167 1540 via
176 1487 281 1553 jasianti
293 1489 357 1538 ultra
370 1489 472 1555 patiens,
490 1489 516 1538 dc
528 1489 648 1554 collegam
659 1488 720 1551 (jam
731 1489 797 1538 enim
811 1489 837 1540 dc

84 1575 235 1623 revocatum
246 1583 280 1617 ex
292 1568 373 1616 Sicilia
384 1567 504 1634 andierat)
516 1579 582 1617 ratus
591 1567 788 1634 exspedandum
799 1569 837 1618 lo·

86 1656 153 1711 cum,
166 1647 210 1714 qui
222 1659 301 1714 prope
313 1647 406 1694 flumen
417 1646 547 1695 tutissimus
557 1647 651 1696 stativis
659 1646 695 1695 est
706 1646 781 1710 visus,
794 1647 836 1699 de·

85 1726 176 1776 ledum
192 1724 353 1776 communiit.
389 1725 442 1772 Nec
452 1725 540 1790 procul
555 1723 612 1774 inde
624 1724 747 1774 Hannibal
759 1742 847 1793 quum*

85 1801 240 1865 consedisset,
258 1807 379 1866 quantum
396 1799 502 1849 vitioria
513 1801 622 1866 ⁴equestri
636 1801 721 1866 elatus,
738 1813 837 1852 tantum

87 1882 176 1932 anxius
193 1881 288 1946 inopia,
304 1893 361 1944 quae
378 1892 422 1944 per
439 1876 545 1926 hostium
562 1893 635 1942 agros
653 1889 761 1942 euntem,
780 1879 837 1928 nus·

88 1967 162 2028 quarn
174 1957 317 2025 praeparatis
329 1952 517 2018 commeatibus,
534 1955 616 2019 major
624 1957 652 2005 in
664 1955 716 2005 dies
726 1957 848 2023 excipio·-

86 2038 140 2098 bat,
155 2035 187 2086 ad
201 2033 345 2085 Clastidium
355 2032 450 2096 vicum,
468 2036 519 2098 quo
529 2047 646 2098 magnum
658 2033 775 2084 frumenti
790 2050 838 2084 nu-

87 2121 182 2165 merum
204 2111 374 2176 congesserant
393 2111 508 2171 Romani,
525 2112 611 2160 mittit.
634 2111 669 2161 ibi
686 2127 764 2178 quum
782 2114 837 2165 vim

90 2199 211 2260 pararent,
229 2191 283 2260 spes
297 2189 361 2242 sasia
372 2189 537 2256 proditionis:
555 2205 601 2239 nec
612 2191 667 2241 sane
678 2207 771 2256 magno
779 2208 836 2260 pre·

90 2271 261 2336 tio,⁴nummis
280 2270 360 2319 aureis
378 2266 572 2333 quadringentis,
589 2269 664 2319 Dasio
683 2271 837 2324 Brundusrno

88 2349 203 2419 p'raeseslo
222 2347 326 2417 praesidii
343 2357 469 2414 corrupto,
485 2347 592 2396 traditur
605 2349 738 2399 Hannibali
751 2351 837 2401 ctatti·
931 2364 935 2372 ·

88 2432 164 2482 dium.
183 2429 209 2480 id
227 2430 346 2478 horreum
361 2426 411 2475 suit
422 2427 499 2475 Poenis
512 2425 650 2478 sedentibus
660 2426 691 2476 ad
704 2429 836 2478 Trebiam.

88 2511 117 2562 ln
127 2510 246 2577 captivos
258 2521 292 2556 cx
303 2504 395 2554 tradito
407 2503 525 2571 praefidio,
541 2517 571 2554 ut
584 2505 651 2554 fama
665 2507 800 2559 clementia
808 2509 836 2560 itt
892 2564 897 2567 ,

87 2589 211 2657 principio
223 2585 308 2636 rerum
320 2583 486 2648 colligeretur,
503 2583 565 2633 nihil
579 2585 691 2635 saevitum
703 2587 745 2636 esi.

118 2669 218 2716 XLIX.
239 2667 326 2729 Quum
337 2661 369 2712 ad
380 2662 500 2711 Trebiam
509 2662 619 2712 terrestre
630 2663 772 2715 constitisset
782 2665 837 2716 bel·

85 2743 145 2809 lum,
161 2743 266 2794 interim
276 2741 343 2792 eirca
354 2739 460 2789 siciliam
472 2740 609 2809 insulasque
618 2743 695 2794 ltaliae
703 2745 835 2794 imminen-

86 2833 129 2886 tes,
146 2823 172 2873 a
189 2828 205 2873 a
222 2820 373 2888 Sempronio
391 2818 497 2884 consule,
516 2821 541 2870 ἃ
557 2813 842 2886 αηῐέαάνοιιῐυωο]υε,’

88 2903 150 2952 terri
166 2901 284 2966 marique
301 2913 339 2948 res
356 2897 434 2962 gesta.
466 2899 557 2963 viginti
574 2903 760 2967 quinqueremes
776 2913 836 2950 cum

86 2980 150 3031 mille
161 2981 267 3029 armatis
279 2976 311 3028 ad
323 2976 521 3043 depopulandam
532 2993 601 3028 oram
614 2980 690 3030 staliae
700 2985 716 3028 a
727 2981 836 3028 Kartha·

86 3059 237 3126 giniensibus
254 3054 339 3120 missa,
355 3071 449 3106 novem
461 3057 572 3124 Liparas,
588 3057 646 3110 otio
656 3057 762 3108 insulam
773 3059 837 3108 Vul·

85 3140 141 3194 cani
155 3147 303 3205 tenuerunt,
320 3145 367 3190 tres
384 3136 409 3188 in
427 3135 520 3262 srlptum
530 3139 622 3196 arcent
631 3138 708 3192 allus.
736 3137 836 3252 *ndreae

474 3219 489 3258 2
731 3212 834 3273 conpc'·
