2000 3709
334 263 360 314 L
380 267 391 316 l
409 266 428 316 B
446 265 507 316 ER
540 264 645 317 xxm.
803 267 851 331 πὶ

99 349 223 416 occupatis
236 351 330 417 proelio
350 353 500 420 legionibus,
517 354 548 403 in.
561 369 590 402 ea
605 355 713 420 impetur
725 352 804 404 fieret.
823 356 860 406 ita

101 425 203 477 inllrusli
224 431 296 480 intra
316 445 403 498 portas
421 433 526 482 slabant.
552 421 703 496 'Hannibali
721 432 767 483 sub
786 432 862 498 signia

96 501 130 564 (id
140 505 210 570 quod
229 523 277 574 per
297 509 399 576 aliquot
418 509 469 568 dies
486 509 588 575 fecerat)
605 509 636 560 ad
647 510 753 560 multum
769 510 819 560 dici
834 511 862 560 in

93 584 143 631 acie
160 585 247 651 stanti,
267 589 359 654 pr'imo
376 589 498 638 miraculo
516 585 570 651 esse,
588 587 656 654 quud
673 590 719 638 hcc
736 591 864 639 exercitus

90 663 222 714 Romanus
237 670 319 732 port'a
332 667 497 733 egrederetur,
515 683 560 716 nec
572 679 680 729 arinatus
694 667 823 734 quisquam
834 669 864 718 in

87 741 167 792 muris
178 741 253 794 esset.
274 757 348 796 ratus
359 745 451 796 deiude
466 745 563 812 prodita
574 744 699 812 colloquia
708 745 762 811 elle,
780 759 864 796 metu·

89 835 138 884 que
154 822 250 874 resides
269 825 363 891 salios,
381 837 478 893 partem
494 825 601 874 militum
619 826 645 874 in
660 825 735 875 casira
747 827 863 890 remittit,

85 895 164 960 jussos
185 917 308 972 propere
327 915 476 973 apparatum
499 918 598 952 omnem
611 903 782 970 oppugnanda
794 905 866 954 urbia

87 975 114 1029 iu
128 979 247 1044 primam
268 985 353 1033 aciem
371 973 473 1044 afferre;
491 981 548 1030 satis
559 980 645 1042 fidens,
662 981 865 1032 renarrantibus

89 1055 203 1120 inslaret,
224 1060 370 1109 tumultum
382 1059 489 1125 aliquem
502 1059 529 1107 in
543 1058 605 1106 urbe
617 1059 713 1124 plebem
726 1071 863 1110 moturam.

88 1131 161 1181 Dum
171 1135 201 1184 in
210 1134 262 1185 sua
274 1137 381 1202 quisque
387 1137 520 1186 ministeria
530 1134 640 1184 discursu
653 1137 759 1202 trepidat
768 1137 798 1186 ad
810 1137 863 1204 pri·

89 1205 236 1279 maligna,
258 1213 418 1280 succeditque
435 1213 465 1262 ad
482 1227 568 1262 muros
588 1212 661 1276 acies,
683 1213 804 1280 patefalta
824 1227 863 1263 re·

88 1293 166 1353 pente
179 1293 273 1359 porta,
285 1293 420 1343 Marcellus
432 1291 499 1356 signa
511 1305 607 1355 cauere,
619 1291 803 1358 clamoremque
815 1291 865 1342 tol·
881 1327 887 1335 ·

89 1365 117 1428 li,
134 1385 167 1419 ac
186 1371 293 1438 pedites
309 1371 429 1439 primum,
446 1369 535 1420 deinde
551 1371 655 1435 equites,
672 1380 768 1434 quanto
781 1371 866 1421 maxi-

89 1458 135 1495 mo
148 1448 260 1514 pollent
271 1451 377 1517 impetu,
395 1451 420 1500 in
436 1449 530 1500 hostem
542 1464 671 1516 erumpere
686 1449 778 1522 jubeo
803 1449 867 1501 Satis

91 1527 203 1578 terroris
213 1527 388 1594 tumultusque
397 1530 424 1579 in
432 1529 511 1580 aciem
520 1528 627 1579 mediam
636 1528 778 1592 intulerant,
786 1545 867 1594 quum

92 1599 198 1657 duabus
211 1609 282 1672 circa
293 1607 372 1676 portis
383 1609 411 1656 Ρ.
424 1607 540 1656 Valerius
552 1608 653 1656 Flaccus
665 1607 690 1658 ἃ
706 1610 736 1658 C.
750 1609 868 1666 Aurelius

94 1679 176 1746 legari
186 1686 218 1736 in
227 1701 325 1737 cornua
337 1685 443 1736 hostium
451 1701 565 1752 erupere.
596 1684 721 1735 Addidere
729 1686 867 1738 clamorem

94 1759 157 1813 lixa
170 1763 334 1831 calonesque,
352 1765 377 1814 ἃ
392 1765 440 1814 alia
455 1762 529 1814 turba
545 1764 660 1814 custodia
671 1765 866 1832 impedimento·

97 1836 296 1912 rttmappolita,
313 1855 342 1892 ut
351 1843 503 1910 paucitatem
512 1844 621 1893 maxime
630 1843 801 1911 spernentibus
809 1847 866 1896 Pee-

98 1921 138 1971 nie
151 1923 267 1989 ingentis
283 1925 384 1992 repente
400 1922 527 1988 exercitur
539 1919 646 1989 speciem
663 1921 777 1972 fecerint.
812 1923 869 1977 Vix

100 1999 223 2063 equidem
235 1999 314 2050 ausim
325 1999 453 2064 affirmare,
471 1997 541 2065 quod
558 1998 659 2064 quidam
675 1997 787 2050 aullorec
801 1997 868 2064 sunt,

102 2075 159 2130 duo
180 2080 263 2130 millia
284 2079 310 2129 a
330 2077 484 2144 oiiingentor
504 2076 611 2128 holl'nun
631 2079 705 2129 casos
717 2065 792 2141 {non
809 2080 868 2148 plue

104 2158 263 2223 quingentos
273 2160 414 2208 Romanum
429 2155 540 2212 amisisse.
558 2158 616 2206 sive
627 2156 703 2221 tanta,
722 2157 772 2207 five
782 2157 870 2210 nsinor
976 2146 977 2149 ¹

106 2236 222 2292 villaria
234 2236 292 2300 fuit,
309 2237 395 2302 ingens
410 2251 441 2286 eo
452 2231 492 2286 die
502 2250 548 2298 res,
566 2235 695 2298 acnescio,
711 2251 744 2286 an
754 2238 868 2288 maxima
884 2230 886 2239 ¹

105 2314 154 2364 illo
164 2313 234 2364 bello
247 2313 313 2378 gella
324 2314 361 2364 sit.
378 2329 431 2364 non
445 2314 516 2364 uinci
531 2313 598 2362 enim
609 2314 642 2362 ab
656 2313 797 2365 Hannibale
807 2316 867 2367 vin·
947 2312 957 2317 ’

106 2393 362 2444 centiburdifficiliuc
370 2393 430 2458 suit,
448 2397 522 2460 quam
534 2391 616 2459 postea
628 2394 738 2442 vincere.
835 2450 839 2453 ,

145 2473 236 2523 XVII.
265 2471 399 2532 Hannibal,
434 2469 476 2538 spe
499 2470 627 2541 potiunda
649 2471 721 2522 Nola
742 2470 869 2541 adempti,

109 2565 191 2616 quum
209 2553 316 2601 Acerras
333 2547 468 2614 recessisset,
486 2549 619 2599 Marcellus
635 2550 773 2618 extemplo,
782 2549 869 2604 clauso

109 2628 192 2697 portis
217 2625 410 2694 custodibusque
427 2625 557 2693 dispofitis,
577 2641 609 2676 ne
628 2627 684 2694 quia
701 2627 868 2695 egrederetur,

112 2705 275 2772 quastionern
288 2706 314 2755 in
334 2703 391 2758 soro
404 2705 434 2756 de
446 2707 485 2768 iis,
503 2706 547 2772 qui
566 2705 629 2756 clam
639 2707 666 2756 in
677 2707 809 2775 colloquiis
820 2707 869 2757 ho·
919 2701 924 2709 ’

112 2783 185 2835 ilium
205 2781 315 2847 fuerant,
339 2783 441 2834 habuit:
452 2817 457 2822 -
468 2781 542 2850 supra
560 2783 716 2851 septuaginta
737 2783 871 2836 damnatos

113 2862 263 2932 proditionis
276 2860 354 2912 securi
372 2861 495 2932 percussit,
511 2861 628 2928 bonaque
639 2878 727 2913 corum
742 2861 809 2924 jussit
820 2875 868 2928 pu·

113 2939 180 2990 blica
200 2937 290 3006 populi
309 2941 418 2990 Romani
436 2937 552 3002 essm-81,
570 2939 665 2988 summi
678 2952 761 2987 rerum
772 2934 869 2999 senatui

116 3017 215 3080 traditi,
234 3031 292 3065 curu
302 3019 415 3069 exercitu
426 3018 495 3068 omni
508 3015 639 3084 proselius,
651 3014 724 3097 supra
736 3013 870 3065 Suessulam
976 3062 977 3069 ,

116 3093 197 3148 castris
215 3091 299 3162 positis
320 3093 439 3148 consedit.
474 3095 571 3158 Poenus,
589 3096 694 3142 Acerrae
710 3091 821 3214 ptimuup
837 3091 873 3140 ad

439 3173 505 3234 Ma
774 3180 873 3217 voutt»
976 3174 977 3229 j
