2000 3709
482 165 491 197 l

158 282 208 335 m
422 274 457 323 r.
488 272 516 322 ι
534 272 550 321 ι
565 274 589 321 ιι
607 272 655 321 ιι

159 410 519 645 ιζΗιιιιιιιιιι,
535 441 590 509 pou
614 436 767 513 cannensem
788 452 918 507 pugnam,
977 499 979 506 ,

311 522 392 569 'casira
404 532 476 587 capta
487 520 634 585 andirepta,
652 516 781 570 confertim
792 534 827 569 ex
839 525 912 587 Apu·

315 598 348 647 lia
360 600 385 647 in
398 599 662 647 Samnium-moverat:
679 596 774 645 accitus
785 600 812 647 in
821 599 913 665 Hirpi-

155 686 201 722 nos
212 678 322 739 astario,
333 677 465 743 pollicente
476 678 499 726 se
511 674 642 742 Compsam
652 672 811 725 traditurum.
833 682 912 726 Com*

157 752 244 819 psanus
265 767 319 807 erat,
330 756 444 805 Trebius
456 756 547 806 nobilis
560 757 624 804 inter
635 754 707 803 suos:
726 754 767 804 sed
782 757 913 823 premebat

157 844 214 881 eum
227 834 388 901 Mopsiorum.
397 834 481 898 saiiio,
499 836 653 903 familiaeper
662 837 767 900 gratiam
778 838 912 885 Romano·
977 893 979 904 ,

156 916 341 979 rumpotentis.
377 914 432 963 Poll
450 916 543 965 sarnam
562 915 912 982 canncnfispugnaefvutga-
977 915 979 960 ι

156 998 259 1055 tumque
285 988 374 1041 Trebii
403 990 558 1041 sermonibus
583 988 719 1043 aduentum
750 991 911 1057 Hannibalis,
977 1013 979 1059 ι

156 1082 232 1132 quum
245 1060 464 1137 Mopsiani-urbem
476 1071 626 1121 excefflnent
633 1092 640 1135 ;
655 1072 851 1121 sine-certamine
861 1084 912 1120 tra-
977 1089 979 1122 ι

156 1146 207 1198 dita
219 1148 276 1198 urbs
289 1150 371 1213 Poeno,
391 1150 576 1217 praesidiumque
588 1162 716 1219 acceptum
727 1152 768 1199 esi.
790 1150 832 1200 lbi
845 1166 908 1217 prae-

155 1226 186 1273 da
200 1226 269 1275 omni
284 1238 359 1295 atque
372 1228 555 1295 impedimentis
566 1229 669 1292 resistis,
679 1230 792 1279 exercitu
801 1231 907 1295 partito,
934 1249 940 1255 ·
977 1245 979 1276 ι

83 1319 87 1329 ·
153 1306 293 1368 Magonem
304 1307 413 1371 regionis
430 1306 482 1371 ejus
500 1306 581 1371 urbes,
598 1318 645 1357 aut
657 1305 797 1356 deficientes
808 1309 843 1356 ab
855 1311 908 1357 Ro·
977 1307 979 1352 i

154 1384 234 1433 manis
244 1384 362 1451 accipere,
375 1388 417 1433 aiat
430 1382 591 1443 detrestautes
603 1372 691 1449 cogere
700 1386 730 1435 ad
739 1385 908 1445 desedionem
977 1397 979 1431 ι

152 1460 234 1525 jubet.
252 1462 303 1529 ipse
313 1479 355 1530 per
367 1478 453 1526 agrum
468 1465 818 1531 Campanum-mareinserum
833 1462 915 1531 petit„
977 1453 979 1508 ἶ

154 1550 342 1606 oppugnaturus
354 1541 496 1608 Neapolim,
514 1552 547 1589 ut
559 1544 647 1590 urbem
664 1542 815 1591 maritimam
828 1544 906 1591 habc-

152 1628 200 1666 ret.
218 1618 267 1668 Ubi
279 1616 344 1667 fines.
352 1618 574 1686 Neapolitanorum
587 1620 699 1682 intravit,
716 1621 840 1670 Numidas
852 1636 908 1687 par·
977 1631 979 1663 ι

152 1695 721 1770 timininsidiis(depleraequeeatraesuntviae,
738 1692 907 1765 sinusqueoc
977 1695 978 1698 '

151 1774 222 1839 culti)
239 1790 384 1845 quacunque
406 1780 462 1843 apte
482 1764 588 1866 poterat,
606 1777 739 1844 disposuit.
764 1780 834 1838 alios,
854 1796 928 1844 pra:
976 1830 979 1846 ,

152 1848 177 1899 se
189 1851 267 1915 asiam
280 1854 386 1942 predam
399 1869 431 1903 ex
440 1855 511 1916 agris
517 1854 672 1918 ostentantes,
690 1855 835 1919 obequitare
845 1871 904 1921 por-

153 1929 184 1978 tis
193 1929 248 1993 Juls
250 1941 268 1979 t
287 1931 317 1979 in
330 1946 400 1997 quos,
418 1930 476 1996 quia
489 1943 536 1980 nee
551 1930 630 1993 multi,
648 1932 674 1981 dt
691 1928 850 1999 incompositi
863 1934 904 1981 vi

151 2006 281 2071 dabantur,
299 2024 374 2075 quum
388 2020 469 2059 turma
486 2007 735 2077 equitumerupisset,
754 2011 786 2060 ab
794 2011 906 2060 cedenti.

144 2084 197 2135 ‘bus
215 2087 327 2141 consulto
343 2088 417 2141 troila
432 2088 458 2136 in
475 2080 581 2150 insidias,
599 2089 770 2138 circumventa
786 2089 837 2138 esti
857 2104 910 2139 net:

150 2164 216 2214 evas
218 2163 261 2214 sset
272 2156 429 2233 quisquam,'
428 2166 458 2215 ni
465 2180 533 2215 nrare
545 2162 718 2235 propinquum,
737 2169 761 2217 8<
770 2168 837 2217 haud
844 2183 906 2257 pro·

84 2284 94 2297 ,
150 2241 190 2289 cul
202 2240 286 2291 littore
298 2247 374 2293 naves
387 2242 527 2309 piscatoriav
535 2244 658 2309 pleraque
670 2243 805 2311 conspesiae
815 2246 913 2312 peritis
977 2244 979 2253 '

149 2316 226 2367 nandi
243 2303 361 2371 dedissent
378 2310 506 2387 effugitan.
542 2322 649 2387 Aliquot
665 2333 747 2372 tamen
765 2335 796 2371 eo
808 2324 903 2390 p'roelio
977 2343 979 2348 ·

149 2396 264 2447 nobiles
254 2410 360 2463 juvenes
371 2410 437 2467 eapti
449 2398 508 2450 eaes
493 2406 554 2466 que
568 2398 639 2450 sunt
656 2400 720 2449 inter
737 2414 801 2467 quos
816 2398 906 2452 &lle
977 2417 979 2440 :

149 2478 207 2537 geas
215 2476 342 2543 praeseilus
352 2470 474 2543 equiturn,
493 2478 699 2546 intemperantius
705 2477 824 2530 cedentes
835 2478 906 2529 secu:
977 2507 979 2512 ·

150 2560 198 2613 tus,
216 2554 325 2603 cecidit.¹
352 2554 392 2603 Ab
401 2554 462 2603 urbe
472 2549 640 2622 oppugnanda
652 2558 753 2605 Poenum
765 2553 903 2605 abstersae
977 2557 979 2583 ²

149 2646 177 2684 te
196 2630 326 2719 copspedla
344 2634 443 2699 moenia,
467 2625 659 2710 haudquaquam
677 2619 796 2705 prompta
815 2647 906 2705 opptt
977 2667 978 2670 =

151 2709 247 2776 guanti
283 2730 285 2736 ·

183 2790 220 2839 11.
237 2787 305 2839 Inde
311 2788 422 2861 Capuam
434 2784 534 2841 fleuit·
526 2800 581 2856 tter,
598 2790 766 2842 luxuriantem
778 2785 856 2857 longa
866 2792 902 2843 ιε’-

94 2892 97 2895 ·
147 2864 242 2919 licitare
251 2877 323 2933 atque
336 2866 513 2935 indulgentia
499 2867 613 2927 sortunae
630 2885 740 2921 maxime
752 2877 845 2937 tamen
864 2870 901 2924 iri-

149 2957 189 2997 ter
197 2957 313 3012 corrupta
327 2946 420 3011 omnia,
436 2946 536 2997 licentia
552 2937 631 3015 plebis
646 2946 695 2997 sine
708 2948 785 2997 modo
797 2912 907 3000 liberta
977 2989 978 3008 2

145 3032 200 3091 tem
217 3024 363 3073 exercentis.
398 3022 524 3074 Senatum
531 3020 557 3075 dt
574 3023 618 3074 sibi
636 3025 737 3094 &plebi
754 3026 900 3079 obnoxium
977 3090 979 3101 Ι

147 3098 272 3175 Pausian
285 3100 405 3153 Calavius
416 3098 532 3167 iecerat
540 3102 631 3164 nobilia
646 3102 720 3161 idem
723 3118 757 3155 ac
767 3107 908 3173 popularis.
977 3109 979 3142 :
