2000 3709
153 226 197 285 stt
406 228 447 281 tr..
478 228 643 283 btv-tt

146 320 205 362 tum
218 312 337 369 adversus
352 318 447 371 hosiern
461 320 539 371 ducit.
573 323 628 371 Nec
639 319 799 388 Sempronius
815 320 911 375 consus

145 388 208 454 (jim
217 395 284 447 enin
292 396 398 449 redierat
406 398 438 447 ab
448 402 538 465 Roma)
549 398 696 449 detrectavit
704 410 850 449 certamen:
865 410 905 450 at·
958 460 965 464 ‚

145 485 194 537 que
210 488 242 523 eo
258 472 298 525 die
310 478 357 527 tria
371 478 449 527 millia
463 478 576 545 passuum
590 480 655 530 inter
663 478 723 529 bina
731 478 810 529 castra
820 479 902 529 fuere.

145 550 246 601 Postero
257 552 297 603 dic
306 556 447 621 ingentibus
456 558 553 621 animis,
564 558 637 609 vatio
645 569 749 622 eveum,
761 569 903 623 pugnatum

145 627 188 677 eti.
206 631 289 697 ptimo
301 635 423 685 concursu
431 634 494 686 adeo
503 652 542 685 res
551 639 664 687 Romana
675 636 788 703 superior
796 636 854 700 suit,
872 647 904 687 ut

143 722 197 758 non
214 708 270 783 acje'
282 714 413 765 vincerent
423 714 514 779 solum,
532 714 576 765 sed
591 716 673 783 pulsos
688 716 771 766 hostes
782 716 809 765 in
821 716 903 765 castra

145 788 349 857 persequerentur
354 808 434 854 ;.mort
441 793 517 845 castro
525 810 626 861 quoque
635 806 818 861 oppugnarent.
829 798 902 845 Han·

144 867 221 932 nibal,
240 874 326 937 paucis
336 873 563 939 propugnatoribus
575 874 601 922 in
612 873 681 923 vallo
695 872 824 941 portisque
834 873 900 940 poti·

143 950 183 1010 tis,
201 960 296 1001 ceteros
307 951 432 1003 consertos
444 952 468 1001 in
483 951 566 1003 media
577 952 652 1001 cestra
661 952 761 1019 recepit,
778 950 901 1010 intentos·

143 1041 193 1091 que
205 1026 299 1092 fignutn
311 1028 342 1077 ad
354 1026 535 1095 erumpendum
547 1029 655 1095 spesiarc
663 1027 742 1092 jubet.
760 1031 817 1093 Jam
826 1044 899 1079 nona

143 1102 221 1152 serme
231 1102 281 1153 diei
296 1105 357 1154 hora
366 1114 427 1167 erat,
444 1119 522 1170 quum
532 1108 666 1165 Romanus,
682 1106 848 1169 nequicquam
860 1105 899 1155 sa-

142 1182 224 1243 tigato
235 1182 322 1245 milite,
333 1182 462 1249 postquam
473 1182 539 1233 nulla
552 1182 605 1249 spes
613 1193 666 1232 erat
676 1181 791 1249 potiundi
802 1184 897 1249 castris,

142 1260 238 1325 signum
255 1264 366 1328 receptui
384 1261 459 1311 dedit.
495 1261 633 1325 Quod-ubi·
645 1261 775 1311 Hannstral‘
785 1264 895 1329 accepit,

140 1338 300 1405 laxatamque
319 1354 433 1405 pugnam·
445 1340 471 1389 dc
485 1340 608 1390 recessum
622 1346 642 1389 d>
653 1340 741 1388 castris.
758 1341 831 1402 vidit,
848 1356 896 1392 et·

137 1418 237 1485 tempio
246 1419 371 1485 equitibus
380 1418 467 1468 dextri
478 1418 591 1484 laevique
599 1416 687 1467 emiffic
694 1418 720 1467 iu
727 1417 830 1481 hostem,
840 1418 896 1486 ipse

141 1510 199 1545 cum
212 1495 323 1561 peditum
335 1496 426 1546 robore
437 1494 531 1545 medius
542 1495 723 1560 cassriserupit.
740 1510 824 1563 pugna
834 1500 904 1547 rard-

141 1574 192 1623 uila
203 1574 281 1637 magis
293 1572 365 1636 sura,
383 1574 409 1624 dc
422 1590 483 1625 eum·
494 1572 621 1639 utriusque
633 1570 711 1639 partis
723 1574 832 1639 pernicie
843 1575 894 1625 clav

140 1653 193 1703 rior
204 1644 293 1715 fuisset,
311 1653 332 1703 fi·
346 1654 453 1705 extendi·
463 1662 519 1707 cani
532 1654 621 1704 diesin
635 1653 737 1717 tongum
747 1652 855 1719 spatium
864 1654 898 1706 d.

140 1730 222 1781 visset.
257 1734 319 1782 Nox
330 1731 460 1783 accensum
475 1733 620 1797 ingentibus
629 1732 717 1781 animis
731 1732 845 1797 proelium
856 1733 900 1784 div,

138 1808 221 1860 remit.
230 1808 404 1874 itaqueactior
414 1809 547 1859 concursus
556 1810 614 1869 suit,
622 1814 695 1874 quim
704 1807 782 1857 eaedes
791 1828 797 1867 ;
805 1809 839 1868 dt,
848 1810 892 1863 tice

139 1895 168 1935 ut
185 1897 280 1951 aequata
294 1884 372 1935 sermc
389 1901 471 1951 pugna
486 1897 548 1948 emt,
565 1887 599 1935 ita
611 1884 680 1934 clade
696 1888 750 1961 ppri
761 1885 891 1949 discessum

138 1962 181 2013 esi.
200 1964 233 2013 ab
249 1974 335 2015 neutra
352 1974 419 2029 parte
430 1963 550 2013 sexcentis
565 1965 618 2029 plus
629 1962 760 2029 peditibus,
777 1964 803 2013 ἃ
817 1965 892 2018 dimi

137 2040 208 2092 dium
220 2042 272 2105 ejus
281 2042 392 2108 equitum
401 2042 500 2091 cecidit.
536 2042 582 2091 Sed
590 2042 670 2103 major
679 2033 805 2103 Romanis,
814 2049 898 2107 quium

137 2130 185 2185 pto
202 2133 314 2181 numero,
332 2116 426 2181 jasium
444 2117 513 2167 suit÷
528 2120 587 2183 quia
605 2118 719 2182 equestris
736 2117 829 2168 ordinis
846 2121 891 2171 ati·

60 2186 64 2253 J
136 2206 208 2262 quot,
227 2196 355 2247 &tribuni
363 2197 471 2249 militum
480 2198 600 2265 quinque,
611 2197 637 2246 dr
646 2194 752 2264 prasesii
762 2195 893 2265 sociorum

136 2285 193 2337 tres,
211 2273 268 2323 sunt
281 2268 415 2325 intersesii
447 2277 587 2327 Secundum
601 2291 656 2325 enm
670 2290 779 2343 pugnam
794 2279 890 2331 Hanni·
975 2341 976 2346 ¹

135 2352 177 2403 bal
195 2354 222 2403 in
234 2354 346 2417 Ligures,
365 2355 523 2421 Sempronius
540 2355 777 2406 Lucemconcoffit„
813 2360 889 2409 veni„

136 2432 188 2483 enti
205 2433 233 2481 in
250 2434 355 2496 Ligures
364 2432 499 2483 Hannibali
516 2448 560 2499 per
575 2431 676 2482 iusidias
688 2435 826 2499 intercepti
835 2435 888 2497 duo

134 2508 265 2572 quaestores
274 2509 389 2569 Romani,
409 2512 438 2557 C.
455 2509 559 2582 Fulvius
577 2509 603 2559 ἃ
620 2511 652 2559 L.
668 2511 810 2573 Lucretius,
827 2530 887 2564 cum

134 2584 232 2636 duobus
248 2586 353 2637 tribunis
367 2586 483 2649 militum,
501 2587 526 2637 ἃ
541 2588 649 2652 quinque
662 2589 777 2652 equestris
790 2590 887 2651 ordinis

133 2660 276 2721 senatorum
294 2662 370 2713 ferme
389 2663 480 2726 liberis,
497 2680 547 2728 quo
563 2666 645 2729 magis.
658 2676 737 2717 ratam
754 2666 810 2717 sore
828 2685 885 2734 curn

133 2738 172 2791 his
185 2755 271 2807 pacem
282 2738 475 2807 societatemque
487 2741 606 2802 crederet,
622 2744 761 2809 traduntur.

167 2820 226 2869 LX.
245 2822 312 2867 Dum
323 2818 373 2869 haec
383 2820 408 2867 in
419 2820 490 2880 Italia
499 2831 626 2883 geruntur,
638 2825 686 2870 Cn.
698 2823 829 2885 Cornelius
838 2810 891 2875 Sci·¹

117 2906 121 2911 ”
132 2897 186 2963 pio,
204 2900 230 2946 in
243 2895 386 2962 Hispaniam
395 2912 452 2947 cum
462 2895 532 2945 classe
542 2898 688 2947 &exercitu
696 2898 789 2963 missus,·
797 2917 883 2967 quum,

130 2972 165 3023 ab
180 2973 243 3021 osiio
258 2972 373 3022 Rhodani
389 2970 520 3036 professus,
538 2974 717 3039 Pyrenaeosque
731 2987 829 3025 montes
839 2980 885 3029 cir·

131 3046 293 3111 munecius„
301 3048 424 3117 Emporiis
442 3049 571 3131 qppuliffct
588 3050 693 3128 classem,
710 3052 825 3122 exposito
846 3056 887 3132 ibi

782 3128 881 3171 exeret²
