2000 3709
330 245 588 303 nrnrrrrx.
789 270 823 321 a,

81 325 191 395 preceptis
200 330 324 387 otffinata
335 337 442 392 modurn
458 354 570 393 venerat.
603 345 645 395 Ita
660 359 730 412 reget
745 348 824 415 gesse,

31 421 39 430 ·
78 417 123 455 mu
137 408 196 457 bella
205 428 213 471 ς
231 412 267 461 ita
283 414 376 466 deinde
393 416 520 471 exiliores
536 436 625 483 regum
635 426 706 489 Junii
716 428 824 482 valeni-

76 498 133 547 que;
147 488 180 537 ita
190 488 311 563 deinceps
324 496 406 561 Fabii,
425 498 544 565 anuii,
563 503 688 573 Cornellit
704 506 740 555 ita
750 510 824 561 Futi-

75 573 100 609 us
112 568 230 635 Camillus,
248 590 328 639 quern
342 576 449 639 juvenes
460 578 488 641 ii,
505 581 594 645 quibus
606 598 664 631 cum
676 584 823 646 Alexandro

70 637 229 697 dimicandum
249 661 315 714 erat,
333 652 419 711 senem
441 654 565 706 viderant.
600 658 723 711 Militatie
744 678 823 731 opera

67 722 194 783 pugnando
211 730 322 783 obeunti
341 732 487 803 Alerandin
505 736 573 798 (nam
588 752 619 785 ea
635 754 738 807 quoque
753 743 822 799 haud

65 797 139 847 minus
157 802 255 857 clarum
270 824 333 859 eum
353 808 458 878 faciunt)
475 812 574 863 cellillet
592 814 710 868 videlicet
728 819 756 869 in
766 822 822 873 acie

63 874 154 927 oblatus
165 896 211 946 par
223 886 341 937 Manlius
354 889 509 953 Torquatus,
525 902 568 941 aut
580 894 694 943 valeriis
713 881 822 967 Co'tvuq

63 948 160 1017 lnfignes
171 963 231 1009 ante
242 964 347 1029 milites,
366 970 441 1031 quam
448 966 540 1017 duces?
557 968 675 1021 ceffissent
685 974 768 1039 Decii,
777 975 821 1041 de,-

63 1031 124 1079 votis
137 1038 292 1101 corporibus
312 1041 340 1091 in
357 1041 451 1091 hostem
467 1046 580 1095 tuentes?
598 1044 696 1097 ceslislet
707 1050 821 1119 Paphius

62 1106 157 1175 Cursor,
174 1114 223 1183 illo
242 1120 360 1187 corporis
378 1120 478 1185 robore,
495 1122 540 1172 illo
556 1124 652 1175 animi?
670 1124 751 1179 villus
762 1128 822 1195 esset

60 1184 161 1237 consiliis
171 1190 279 1255 juvenis
296 1198 380 1261 unius,
397 1212 429 1247 ne
446 1197 551 1262 fingulor
568 1202 704 1265 nominem,
722 1202 821 1257 senatus

60 1257 105 1323 ille,
122 1281 200 1331 quem
212 1262 262 1337 qui
272 1290 299 1339 ex
309 1273 395 1341 regibus
407 1278 499 1340 constare
510 1277 584 1343 dixit,
593 1293 657 1329 unus
669 1296 754 1334 veram
765 1271 820 1351 [μ’.

59 1336 120 1389 ciem
134 1346 251 1401 Romani
263 1350 363 1413 senatur
373 1354 458 1421 cepit?
493 1354 523 1406 ld
534 1359 597 1405 uero
608 1368 661 1407 erat
670 1360 820 1430 periculum,

58 1417 225 1493 resolutius,
246 1436 321 1495 quam
333 1431 438 1497 quilibet
450 1447 512 1503 unur
522 1446 557 1483 et
569 1433 612 1497 eit,
630 1450 693 1502 quos
705 1440 820 1489 nomina·

59 1493 92 1553 vi,
108 1501 192 1553 castris
210 1506 303 1571 locum¹
320 1520 426 1575 caperet,
449 1520 602 1559 commeatus
622 1512 760 1579 expediret,
786 1515 819 1567 ab

57 1568 145 1627 insidiis
158 1597 324 1649 praecaveret,
343 1597 439 1655 tempus
451 1602 541 1655 pugnae
551 1586 677 1653 deligeret,
690 1592 770 1642 aciem
780 1592 819 1643 in-

58 1646 165 1721 strueret,
183 1660 299 1713 subfidiis
311 1663 429 1713 firmaret.
464 1667 525 1715 Non
537 1680 594 1713 curn
614 1669 693 1717 Dario
706 1684 758 1719 rem
770 1670 818 1721 else

58 1726 172 1785 dixillet:
192 1756 279 1805 quem,
290 1742 421 1794 mulierum
431 1758 459 1809 ac
472 1740 610 1809 spadonum
622 1759 708 1810 agmen
719 1748 833 1811 trahen-⁸

59 1814 116 1873 tem,
134 1814 202 1867 inter
215 1832 352 1887 purpuram
366 1830 441 1885 atque
452 1835 550 1883 aurum,
567 1833 698 1873 oneratum
709 1824 818 1879 fortuna

59 1894 222 1951 apparatibus
240 1894 296 1963 suae,
313 1897 522 1969 praedamverins,
542 1904 616 1965 quam
633 1901 737 1967 hollem,
754 1905 816 1955 nihil

60 1964 124 2018 aliud
136 1980 215 2037 quam
233 1974 296 2025 bene
315 1977 387 2027 ausus
405 1992 470 2026 vana
486 1988 654 2050 contemnere,
673 1981 816 2037 incruentus

59 2040 161 2100 devicit.
198 2054 288 2119 Longe
306 2056 368 2105 aliut
385 2055 471 2118 Italiae,
488 2062 563 2122 quam
579 2055 664 2127 Indiae,
683 2075 816 2127 perquam
852 2066 858 2081 ¹

59 2128 198 2179 temulento
210 2132 310 2199 agmine
321 2130 521 2187 comissabundus
532 2134 632 2199 incessit,
644 2135 712 2187 visus
723 2138 758 2188 illi
770 2142 815 2193 ha-

60 2196 123 2253 bims
134 2204 206 2271 esset,
222 2207 296 2259 saltus
314 2211 410 2277 Apuliae
422 2227 450 2263 ac
468 2223 566 2262 montes
578 2216 694 2265 Lucanos
705 2220 818 2271 cernenti

61 2275 202 2349 &vestigia
211 2288 321 2337 recentia
333 2287 470 2343 domestica
483 2287 564 2352 cladis,
582 2289 625 2338 ubi
639 2294 777 2346 avunculus
788 2311 815 2347 e·

60 2353 95 2419 ius
105 2376 187 2429 nuper
198 2365 270 2431 Epiri
284 2381 329 2419 rex
343 2364 484 2417 Alexander
494 2365 640 2433 absumptus
651 2381 712 2420 erat.

92 2438 196 2487 XVIII.
214 2442 248 2491 Et
258 2440 385 2512 loquimur
396 2438 427 2491 de
445 2442 589 2491 Alexandro
603 2444 716 2495 nondum
732 2444 816 2499 merso

60 2508 170 2567 secundis
182 2517 265 2581 rebus,
282 2534 387 2585 quarum
405 2535 481 2569 nemo
500 2519 674 2583 intolerantior
684 2523 741 2573 suit.
760 2526 813 2592 qui,

59 2588 117 2645 lrex
129 2584 220 2648 habitu
230 2614 305 2649 nova
317 2596 423 2652 fortuna
440 2600 560 2666 noquue,
576 2611 605 2650 ut
616 2603 651 2653 ita
663 2603 752 2671 dicam,
772 2606 811 2657 in·

60 2676 132 2738 genii,
150 2676 222 2741 quod
234 2676 278 2731 sibi
290 2676 371 2730 vietor
381 2670 503 2744 Induerat,
520 2677 649 2748 speeiemr,
667 2682 746 2732 Dario
757 2700 812 2735 ma·
855 2687 861 2700 '

60 2753 96 2815 gis
107 2753 200 2820 surrilis,
211 2762 288 2826 quam
301 2756 452 2829 Alexandro,
461 2759 486 2809 in
499 2760 597 2810 Italiam
607 2759 721 2826 venisset,
732 2762 757 2813 dr
766 2778 811 2817 cx·

59 2832 161 2883 ercitum
178 2833 337 2887 Macedonia
348 2834 455 2891 oblitum
472 2834 711 2906 degenerantemque
719 2838 772 2903 jam
784 2840 812 2893 in

60 2907 186 2963 Persarum
196 2930 280 2970 motet
291 2906 442 2967 adduxisset?
473 2914 574 2968 Referre
586 2918 691 2969 intanto
702 2934 760 2985 rege
771 2920 811 2987 pi-

58 3002 99 3055 get
117 2990 251 3061 superbam
269 2994 437 3063 mutationem,
449 2996 531 3061 vellis,
548 2998 573 3050 dr
585 2996 728 3048 defideratar
739 2998 812 3051 humi

58 3066 192 3137 iacentium
205 3070 373 3145 1ειςὶιῐῑειῐὶοιιςε,
388 3074 466 3127 etiam
479 3076 551 3129 ,villis
562 3077 743 3154 Macedonibus
753 3094 812 3143 grae.
835 3123 840 3133 .

718 3156 723 3161 .
750 3152 810 3225 m,
