2000 3709
495 215 526 228 §a

287 255 650 334 erenrtmnn.¹
764 297 811 347 a„

82 369 112 440 ¹ad
125 369 253 440 Philippum
276 373 395 438 invente,
413 375 438 425 ἃ
458 372 529 442 palia
551 375 618 424 inter
636 387 720 440 regem
729 378 817 425 Maee-

86 446 163 500 donum
186 454 339 521 Poenumque
361 454 460 505 ducem.
495 455 595 513 Quibus
618 453 676 503 satie
700 455 817 519 cognitio,

84 528 192 592 optimum
209 531 350 597 visumst,
365 535 480 602 captivos
490 532 649 598 ‚comitesque
661 547 747 583 eorum
764 537 819 583 Ro·

81 619 136 677 mem
149 609 177 659 ad
193 609 316 678 senarum,
332 625 378 664 aut
394 614 426 665 ad
443 612 563 676 eonsules,
579 613 722 678 ubicunque
733 612 818 679 essent,

80 692 143 748 quarn
153 689 258 754 primuni
273 691 418 761 deportare.
435 693 466 742 ad
478 693 504 742 id
516 691 763 758 celenimaequinque
774 706 821 743 ne·

78 774 116 810 ees
125 761 224 830 desetiae,
240 785 271 818 ac
288 772 323 820 L.
337 771 452 820 Valerius
464 770 559 832 Antias,
578 770 620 834 qui
632 767 745 835 preesset,
761 768 820 820 mis·

78 834 123 886 sue:
138 841 208 908 eique
217 845 377 910 mandatum,
394 858 423 895 ut
441 846 466 896 in
484 861 570 896 omnee
587 859 663 896 naver
673 847 769 910 legatos
780 847 818 898 se·

77 918 170 980 paratim
186 923 363 975 custodiendos
380 924 513 987 divideret,
530 924 647 989 daretque
658 941 769 991 operam,
785 940 819 976 ne

77 994 134 1056 quod
144 996 171 1046 iis
184 1001 343 1068 colloquium
356 1004 421 1053 inter
435 1003 468 1067 se,
484 1017 612 1067 noveque
622 1003 818 1057 communicatio

78 1070 158 1123 eonsrlii
169 1073 234 1127 esl'et.
270 1083 321 1130 Per
333 1080 398 1130 idem
411 1091 508 1146 tempus
520 1082 607 1128 Romae
615 1094 692 1144 quum
704 1085 738 1128 A.
752 1085 817 1132 Cot·

75 1149 303 1224 nesius-Mammula,
315 1175 349 1210 ex
364 1159 477 1210 Sardinia
493 1159 624 1224 provincia
633 1159 760 1220 decedere,
777 1175 817 1209 re-

77 1223 162 1293 tulisset,
179 1237 222 1300 qui
234 1237 314 1289 status
325 1255 408 1289 rernm
419 1239 445 1288 in
457 1237 536 1287 insnla
547 1236 612 1301 esset,
630 1238 721 1287 bellum
732 1253 762 1288 ac
773 1238 817 1288 de-

74 1303 193 1362 seslionem
204 1331 294 1367 ornnes
309 1315 433 1386 spesiare3
451 1321 485 1382 Q.
498 1317 623 1379 Mucium,
641 1316 684 1382 qui
695 1316 818 1370 succesus·

75 1379 105 1431 set
114 1384 162 1451 fibi,
179 1395 307 1456 gravitate
325 1397 380 1446 coeli
397 1409 568 1462 aquarumque
584 1394 760 1445 'advenientem
771 1403 818 1447 ex·

74 1471 171 1530 sutum,
188 1483 305 1525 nontam
317 1475 344 1524 in
354 1471 529 1541 perinrlosum,
541 1476 616 1536 quarn
627 1471 740 1537 longum,
751 1485 818 1523 mor·

73 1533 126 1590 ltutn
138 1542 300 1618 implicitum,
317 1551 362 1603 diu
377 1551 408 1603 ad
422 1551 481 1602 belli
495 1551 552 1600 vim
566 1547 730 1600 sustinendam
740 1551 824 1629 inuti3

77 1609 118 1666 lem
132 1619 193 1688 sore,
217 1633 411 1696 exercitrmrque
427 1629 464 1680 ibi
483 1638 514 1678 nt
529 1627 588 1678 satir
606 1627 707 1678 sinnum
725 1639 819 1696 paoem

76 1697 201 1759 Provineiae
211 1709 328 1774 praesrdio
341 1707 395 1774 esse,
407 1709 442 1758 sta
454 1721 542 1776 pamm
552 1707 628 1769 bello,
639 1707 707 1772 quod
718 1719 818 1761 motum

77 1768 246 1834 ineruerent:
264 1787 431 1836 decreverunt
442 1787 574 1849 Primoque
586 1790 620 1851 Q.
633 1786 738 1857 Fulvius
745 1787 816 1837 Flac·

75 1859 110 1897 tus
117 1854 222 1924 quinque
230 1864 313 1914 missia
322 1863 442 1931 peditum,
451 1861 644 1928 quadringentos
652 1864 748 1929 equitet
756 1863 818 1914 scri·

75 1919 142 1990 biles,
164 1947 271 2006 eamque
291 1939 415 2005 legionem
435 1940 519 2007 primo
537 1955 638 2007 quoque
657 1949 771 2007 tempore
790 1941 818 1992 in

75 1999 197 2062 Sardiniam
212 2016 390 2082 trajiciendam
407 2026 513 2080 curaret,
530 2017 689 2080 mitteretque
699 2031 757 2070 cum
768 2018 819 2068 im-

75 2081 142 2148 perio,
158 2103 231 2155 quem
252 2096 299 2164 ipsi
318 2095 455 2159 videretur,
480 2095 524 2160 qui
545 2107 596 2145 rem
615 2103 717 2159 gereret,
734 2093 818 2162 quoad

76 2157 164 2214 Mucius
174 2176 348 2226 convaluisset.
371 2173 411 2224 Ad
422 2187 476 2224 eam
488 2177 541 2222 reri
552 2169 635 2222 missus
645 2173 678 2222 est
693 2175 729 2224 Τ.
741 2175 817 2225 Man·

77 2230 116 2286 lius
127 2242 339 2318 Torquatussqui
358 2253 397 2302 bis
411 2251 497 2302 consul
509 2250 645 2317 censorque
654 2251 742 2315 fuemt,
758 2253 817 2315 sub-

78 2319 198 2389 eseratque
210 2329 377 2382 inconfusam
390 2328 486 2379 sardos.
522 2329 571 2378 sub
584 2328 647 2379 idem
657 2329 709 2380 sere
719 2339 819 2398 tempus

51 2429 53 2438 ,
81 2390 128 2446 &i
142 2403 299 2476 Karthagine
311 2411 336 2460 in
347 2409 484 2460 Sardiniam
499 2407 575 2458 clane
591 2407 668 2473 missit,
679 2408 742 2459 duce
753 2408 819 2460 nat·

80 2465 178 2546 drubale,
195 2489 237 2538 cui
262 2485 343 2539 Calvo
361 2501 503 2552 cognomen
521 2497 582 2549 erat,
598 2486 662 2537 foeda
676 2487 819 2556 tempesleie

81 2539 170 2621 luxata,
181 2561 213 2614 nd
229 2566 337 2615 Baliares
349 2563 438 2614 insulas
450 2563 573 2627 dejicimr.
591 2563 675 2631 ibique
683 2564 754 2631 (adeo
765 2578 819 2622 noe
881 2580 884 2589 ¹

81 2637 220 2692 momenta
230 2641 317 2705 modo,
333 2642 374 2692 sed
389 2642 465 2692 eriam
483 2641 550 2692 alvei
560 2644 664 2693 navium
676 2643 776 2709 quassati
789 2658 818 2696 e·

80 2711 134 2774 rant)
159 2712 283 2769 siibduslae
305 2729 381 2768 naves
403 2716 463 2769 dum
484 2718 637 2783 reficiuntur,
662 2720 818 2788 aliquantum

83 2783 186 2851 tesuperse
201 2795 335 2846 triverunt.

109 2862 213 2920 XXXV.
231 2873 263 2921 In
280 2870 354 2919 Italia
369 2883 447 2934 quum
465 2871 519 2938 posi
532 2873 685 2924 Cannensem
696 2870 817 2939 pugnarn,

82 2928 152 2989 inilia
167 2949 242 3012 partis
259 2947 359 2998 alteriue
370 2946 475 3012 viribus,
493 2941 593 2999 alterins
605 2950 707 3000 mollitis
718 2948 818 3012 animle,

85 3007 167 3077 silsslut
178 3024 270 3076 bellum
282 3023 354 3074 esl'et:
373 3027 492 3092 Campani
509 3039 553 3094 per
567 3027 592 3079 se
603 3028 685 3078 adorti
696 3027 753 3077 sunt
763 3036 817 3079 rem
872 3081 876 3090 ,

86 3091 206 3157 Cumanam
216 3105 265 3158 sua
281 3104 382 3156 ditionis
396 3105 490 3168 saeere3
507 3105 771 3178 primosollioitentee‚
787 3115 818 3156 ot

410 3185 435 3236 N
452 3198 466 3246 3
780 3181 816 3236 a)
