2000 3709
158 251 192 302 06
413 249 450 300 Τ.
486 248 584 300 LIV
600 247 646 298 11
882 305 885 307 ,

139 339 251 403 ,magnis
268 337 397 390 itineribus
414 339 442 396 in
453 319 580 388 stimulum
594 336 747 400 redeuntem,
768 334 830 400 (jam
840 336 913 390 cuitu

155 414 236 466 Fabio
247 419 378 482 Decioque
396 416 528 484 prorogati
543 414 712 486 imperiipsinis
729 413 823 476 aderat)
840 414 912 464 fama

156 489 187 540 de
200 495 346 545 Samnitium
357 495 471 544 exercitu
483 489 734 560 populationibusque
747 493 870 556 Campani
881 507 912 539 a·

156 568 196 631 gri
212 569 244 618 ad
262 569 366 621 tuendos
384 570 465 620 socios
482 569 618 620 convertit.
650 571 684 616 Ut
701 568 728 616 in
741 567 863 614 Calenum
882 583 914 614 a·

156 659 229 708 grum
241 647 363 710 renits&
381 647 432 712 ipse
449 646 528 696 cernit
544 646 654 696 recentia
667 643 741 697 cladis
754 644 866 707 vestigia,
884 645 914 696 ἃ

158 725 245 774 Caleni
262 736 370 788 narrant,
388 734 485 774 tantum
500 723 554 786 jam
572 722 658 790 preda
669 723 748 772 holles
760 723 863 782 trahere,
882 732 914 770 ut

156 803 206 852 vix
215 804 340 870 explicare
351 817 440 867 agmen
451 799 554 869 pertint:
566 803 649 865 itaque
659 801 713 863 jam
723 799 852 866 propalam
862 800 913 848 du-

156 895 197 930 cet
207 879 285 944 loqui,
302 880 431 946 externplo
442 878 552 928 eundum
563 878 590 927 in
601 878 726 926 Samnium
738 876 785 926 csse
791 897 800 938 ;
815 887 852 937 ut,
870 891 913 926 rc—

156 955 212 1006 tint
224 958 265 1007 ibi
283 957 372 1024 prata,
390 960 415 1006 in
428 954 618 1024 expeditionem
633 954 742 1017 redeant,
757 964 869 1003 nectam
881 970 913 1002 o·

155 1045 270 1086 neretum
280 1051 369 1100 agmen
387 1034 545 1085 dimicationi
562 1034 730 1084 committant.
765 1035 810 1094 Ea,
827 1047 911 1096 quan-

157 1127 232 1176 quam
243 1113 329 1164 similia
341 1114 407 1164 verit
419 1122 496 1174 erant,
514 1111 605 1160 certitlc
615 1121 699 1160 tamen
709 1109 864 1177 exploranda
871 1123 911 1163 ra,-

157 1200 204 1250 tut,
220 1189 325 1240 dimittit
340 1191 443 1256 equitat,
469 1189 513 1254 qui
530 1203 609 1252 vagos
626 1187 773 1254 praedatores
789 1189 817 1236 in
833 1199 909 1249 agros

156 1267 266 1335 palantes
287 1269 431 1336 excipiant:
448 1281 481 1316 ex
499 1266 587 1331 quibus
604 1265 752 1330 inquirendo
769 1262 909 1328 cognoscit,

155 1345 189 1394 ad
201 1345 352 1396 vulturnum
363 1349 456 1396 flumen
468 1343 550 1394 sedere
561 1343 669 1402 hostem
686 1342 743 1391 inde
754 1342 827 1390 tertii
838 1340 907 1402 vigi·

156 1423 189 1472 lia
199 1433 344 1474 moturum:
357 1426 402 1474 iter
411 1425 438 1474 in
456 1422 582 1474 Samnium
591 1419 647 1470 elle.
665 1422 710 1469 His
721 1418 906 1493 sarisxexplora-

156 1501 189 1550 tls
200 1501 339 1568 proserius,
348 1513 418 1552 tanto
430 1500 563 1550 intervallo
575 1500 607 1548 ab
621 1499 730 1548 hostibus
741 1496 862 1557 consedit,
877 1509 907 1552 ut

154 1593 202 1629 trec
213 1578 335 1630 adventus
346 1580 402 1629 suus
414 1579 599 1646 propinquitate
611 1577 688 1626 nimia
698 1575 768 1626 nosci
780 1575 866 1644 posset,
879 1575 906 1624 dt

154 1656 347 1721 egredienteme
365 1658 446 1707 castris
464 1656 558 1706 lroslenr
572 1657 734 1722 opprimeret.
771 1655 907 1718 Aliquanto

155 1743 214 1783 ante
224 1734 305 1782 lucem
315 1733 347 1782 ad
358 1734 436 1782 casira
448 1731 560 1792 accessit3
577 1729 715 1795 gnarosque
727 1727 795 1780 osca
805 1730 907 1794 lingna,

155 1808 313 1876 exploratum
325 1809 385 1874 quid
403 1820 499 1873 agatur,
515 1808 603 1857 mittit.
638 1806 782 1858 Intermixti
794 1806 905 1856 hostibus

155 1885 234 1950 (quod
243 1885 316 1936 sanila
329 1897 382 1935 erat
392 1885 419 1934 in
431 1884 550 1935 nodlurna
560 1882 734 1950 trepidatione)
741 1881 905 1946 cognoscunt,

153 1962 321 2027 infrequentia
331 1963 432 2014 armaria
448 1962 516 2026 signa
532 1959 642 2025 egrer
649 1960 757 2026 praedam
769 1954 904 2026 praedaeque

151 2037 263 2088 custodes
275 2039 353 2101 exire,
371 2039 482 2102 ignobile
493 2051 592 2101 agmen,
608 2037 633 2087 dt
645 2035 688 2086 sua
699 2049 824 2101 quemque
833 2036 905 2085 moli·

119 2178 122 2180 -
150 2123 244 2177 entem,
259 2115 329 2164 nullo
345 2116 409 2166 inter
426 2115 487 2164 alios
505 2113 633 2174 consensu
650 2129 695 2164 nec
711 2109 767 2162 satis
777 2123 846 2162 certo
856 2114 904 2162 im·
987 2126 991 2148 ³

147 2187 233 2258 perio.
268 2193 381 2258 Tempur
389 2191 553 2256 aggrediendi
564 2190 716 2257 aptissimum
725 2188 807 2240 visum
816 2191 865 2239 est:
878 2191 905 2250 dr

150 2267 203 2332 jam
215 2268 261 2318 lux
271 2270 415 2338 appetebat.
434 2271 517 2335 itaque
527 2269 596 2333 signa
607 2285 695 2319 canere
704 2268 784 2332 julli13
802 2284 904 2333 agmen-

152 2361 202 2412 que
221 2345 328 2396 hnsliunr
339 2345 498 2411 aggreditur.
532 2347 662 2406 samnites,
682 2347 764 2412 praeda
783 2347 904 2413 impediti,

151 2423 317 2491 infrequentes
327 2426 427 2486 armati,
445 2437 500 2492 parc
511 2424 600 2477 addere
610 2425 724 2490 gradum,
738 2441 767 2474 ac
779 2441 829 2491 pra
839 2426 865 2476 se
875 2443 902 2476 a·

152 2503 336 2571 gere-praedem,
361 2519 416 2570 part
432 2504 503 2566 liare,
520 2505 608 2554 incerti
625 2509 711 2555 utrum
727 2505 853 2570 progredi,
870 2521 902 2558 att

152 2581 249 2644 regredi
264 2581 292 2630 in
308 2581 385 2632 casira
394 2581 471 2631 tutius
488 2579 563 2642 soret,
581 2579 845 2632 intererunilationem
856 2598 902 2650 op,

153 2660 302 2725 primuntur.
316 2659 341 2708 dt
353 2659 460 2710 Romani
469 2659 523 2722 jam
534 2657 733 2710 transcenderant
744 2660 848 2725 vallum,
857 2677 903 2714 cnr
989 2656 991 2689 ἶ

151 2735 243 2801 desque
254 2752 282 2786 ac
294 2737 413 2786 tumultur
425 2749 478 2788 crat
489 2739 517 2787 in
530 2737 620 2788 castris.
632 2774 635 2781 .
645 2739 792 2788 Samnitium
803 2753 902 2804 agmen,

152 2820 316 2878 preterquam
327 2813 408 2864 hostili
422 2814 540 2876 tumultu,
555 2816 714 2881 captivorum
725 2816 800 2866 etiarn
813 2829 901 2882 repen·

151 2889 204 2944 tint
220 2889 356 2940 desetlione
373 2891 499 2942 turbatum
516 2902 582 2942 erat:
599 2893 643 2958 qui
661 2894 752 2960 partim
762 2892 807 2959 ipsi
826 2894 902 2946 soluti

152 2967 250 3020 vindoc
260 2967 407 3020 solvebant:
419 2971 510 3037 partim
517 2985 590 3038 arma
599 2971 626 3020 in
638 2971 737 3022 sarcinis
747 2972 854 3038 deligata
862 2989 901 3023 ra·

149 3044 472 3115 gicbantgtumulntnnqttc,
490 3047 576 3118 prelio
594 3049 649 3118 ipso
661 3050 844 3116 terribiliorem,
861 3054 900 3104 in·

786 3129 902 3196 termixti
989 3186 990 3203 ἶ
