2000 3709
291 240 459 291 urana
492 239 594 291 xxvr.
734 299 737 304 ⁴
763 256 812 307 ιιι

56 324 144 391 perfidi
162 325 223 392 effer,
242 338 340 397 quantas
358 324 431 381 autem
454 329 566 381 Hannibal
581 330 654 396 copias
671 328 765 395 decern,
780 337 821 380 aad

56 413 128 465 quarn
139 406 240 456 exedra
250 408 285 455 ad
295 409 391 474 Capram
405 405 537 471 obfidendnm
547 418 599 473 opus
612 406 669 472 effer,
684 408 741 473 ipsos
748 410 820 473 scire.

57 479 81 527 Si
91 480 118 529 dr
128 482 228 531 Romam
246 488 261 533 'e
278 484 365 535 donidio
375 484 438 545 ater,
455 488 482 536 o
496 484 602 535 cambis
609 496 663 549 part
671 485 731 534 mitti
741 485 819 553 pofflt,

53 566 78 603 ru
86 555 115 606 ab
122 559 207 627 redrprro
219 562 249 613 do·
263 562 317 613 duce
327 563 355 614 dr
369 564 463 613 exercitu
475 564 549 630 Capra
562 562 620 611 reli?
628 561 767 627 obsiderem
782 564 819 613 ir·

54 641 87 681 ter
89 636 114 699 se
124 650 291 707 comparerent
300 640 399 693 Gloudno
410 642 551 707 Fuluiusque,
566 640 611 690 utri
618 638 726 705 obstando
735 643 820 708 capua,

53 714 106 776 tori,
122 716 152 765 od
166 718 332 783 prohibendam
349 718 448 784 oifidirne
457 719 565 791 patriam,
581 719 674 767 Romam
688 718 821 769 nemmem

53 786 109 852 rffer.
144 796 207 845 Hoc
226 795 445 847 senatusconsulto
464 798 577 863 Capuam
591 794 819 861 perlato,‚Q‚.Ful-

54 867 109 917 vius
118 872 277 939 proconsul,
294 875 345 937 cui,
362 874 456 940 collega
464 888 497 925 ex
506 873 610 924 vulnere
618 887 693 937 aegro,
709 872 819 933 cundum

54 944 164 997 Romam
186 962 257 1013 erat,
283 951 392 1001 onibus
412 950 565 1003 exercitibus
583 949 664 999 milite
683 948 769 1015 eletio,
785 950 819 1004 ad

54 1022 202 1086 quindecim
220 1030 305 1079 millia
322 1028 441 1097 pediturn,
458 1027 527 1079 mille
541 1028 644 1093 equites,
663 1028 818 1081 Vulturnum
854 1020 860 1030 ⁸

55 1101 172 1154 traducit.
195 1106 260 1157 inde
279 1123 357 1174 quum
375 1106 539 1159 Hannibalem
555 1106 645 1158 Latini
662 1106 706 1155 via
724 1108 819 1158 iturum

56 1175 301 1251 latiscomperilset,
319 1182 370 1251 ipse
388 1199 431 1249 per
449 1183 538 1249 Appia
553 1180 697 1247 municipia,
714 1196 819 1247 quaeque

57 1266 158 1321 propter
176 1274 240 1311 eam
258 1262 329 1311 viam
346 1258 410 1322 sunt,
434 1260 533 1319 setiam,
554 1260 656 1318 Coram,
672 1258 820 1309 Lanuvium

58 1333 183 1397 premisit,
203 1349 237 1387 ut
255 1346 407 1388 commeatus
424 1347 523 1403 paratos
540 1335 565 1383 de
583 1334 609 1382 in
621 1331 725 1382 urbibus
742 1333 820 1382 habc-

58 1418 121 1469 rent,
138 1410 165 1462 δι
183 1428 222 1464 ex
240 1416 306 1483 agris
318 1413 396 1465 deviis
407 1414 433 1463 in
445 1415 515 1463 viam
534 1410 681 1477 proferrent,
698 1408 820 1476 praefidia·

59 1499 106 1547 que
120 1488 149 1537 in
161 1490 243 1543 urbes
255 1491 435 1555 contraherent,
452 1500 480 1539 ut
492 1487 535 1537 sua
546 1488 637 1554 cuique
644 1485 781 1551 respublica
792 1487 820 1539 in

61 1574 137 1613 manu
146 1564 221 1619 ess'et.

92 1642 143 1691 IX.
162 1646 305 1711 Hannibal,
322 1646 425 1713 quodie
440 1646 594 1697 Vulturnum
610 1643 643 1694 ell
654 1642 820 1712 tmnlgress'us,

61 1714 127 1771 haud
142 1727 239 1789 procul
250 1732 265 1775 a
275 1726 377 1777 flumine
389 1726 464 1786 calita
476 1724 569 1792 posuit.
593 1724 693 1774 Postero
705 1724 745 1775 die
756 1741 818 1793 prae-

64 1804 99 1845 ter
112 1792 187 1851 Cal'es
200 1802 228 1853 in
236 1812 324 1869 agrum
333 1802 468 1853 Sidicinum
477 1801 601 1869 pervenit.
618 1802 652 1851 ibi
662 1801 728 1852 diem
739 1818 818 1853 unum

65 1877 353 1943 populandomoratus,
375 1896 418 1947 per
443 1878 577 1929 suessulam
597 1878 773 1946 Alifanumque
792 1881 820 1933 dt

67 1952 211 2007 Casrnatem
226 1970 314 2022 agrum
331 1958 375 2007 vid
389 1958 481 2009 Latini
497 1956 575 2007 ducit.
592 1954 637 2005 sub
655 1957 769 2009 Casinum
781 1958 820 2010 bi-

66 2025 115 2079 duo
126 2031 221 2083 stativa
239 2035 325 2087 habita
341 2035 366 2085 n
379 2034 461 2102 palllm
477 2032 650 2101 populationes
661 2033 740 2085 faeta.
775 2038 820 2086 In·

67 2104 96 2153 de
110 2123 208 2176 praeter
225 2116 392 2163 Interamnam
410 2112 593 2177 Aquinumque,
610 2111 637 2161 in
649 2113 820 2176 Fregellanum

69 2196 155 2247 agrurn
169 2190 204 2239 ad
212 2191 290 2239 Lirim
302 2191 407 2240 fluvium
418 2199 532 2239 ventum.
549 2188 594 2249 ubl
606 2189 746 2240 intercisum
755 2206 820 2259 pon·

19 2272 20 2275 ’
69 2266 310 2329 temaFregellanis
321 2264 435 2317 morandi
453 2265 547 2315 itineris
565 2266 753 2315 causitinvenit.
787 2270 821 2319 Et

69 2337 191 2391 Fulvium
204 2342 340 2391 Vulturnus
358 2351 469 2393 tenuerat
480 2341 567 2405 amnis,
583 2341 690 2391 navibus
701 2342 733 2391 ab
750 2345 820 2393 Han-

71 2415 283 2484 albucianum,
302 2429 365 2470 rates
382 2418 413 2469 ad
433 2420 606 2483 trajiciendum
626 2420 774 2481 exercitum,
790 2423 819 2475 in

72 2506 162 2559 magna
173 2496 260 2561 inopia
277 2496 394 2561 materiae,
411 2511 474 2561 aegre
486 2495 682 2563 comparantem.
716 2496 820 2559 trajeflo

73 2572 167 2623 ratibus
177 2572 303 2634 exercitu„
315 2574 435 2637 reliquum
445 2572 537 2623 Fulvio
549 2563 693 2639 expeditum
701 2571 755 2635 iter,
767 2590 820 2626 non

21 2668 27 2681 ·
73 2661 117 2715 per
136 2649 212 2700 urbes
230 2641 315 2714 m'odb,
338 2649 379 2700 sed
398 2650 465 2712 circa
483 2651 560 2712 viam,
577 2649 694 2716 expot'rtis
713 2649 821 2713 benigne

74 2728 264 2792 commeatibus,
280 2737 350 2780 erat:
367 2725 507 2792 alacresque
517 2728 607 2782 milites
617 2725 680 2777 alius
689 2726 774 2789 alium,
791 2736 821 2777 ut

76 2804 174 2857 adderet
191 2804 308 2869 gradum„
320 2820 416 2855 memor
427 2804 457 2855 ad
468 2805 646 2857 defendendam
658 2808 693 2857 ire
704 2805 821 2871 patriam,

78 2881 248 2935 hortabantur.
283 2887 390 2936 Romam
402 2884 557 2949 Fregellanus
568 2886 680 2946 nuncius,
697 2881 762 2931 diem
773 2896 836 2931 no·-

79 2958 190 3027 nemque
201 2960 288 3015 itinere
299 2961 453 3024 continuato,
465 2962 590 3026 ingentem
602 2961 684 3011 attulit
691 2969 821 3011 terrorem.

77 3018 260 3107 tumultuotiud,
270 3042 343 3109 quim
354 3038 454 3097 dtatun
465 3050 526 3110 crat,
537 3040 621 3093 curlus
632 3036 770 3165 nominat,
782 3034 821 3087 af·

93 3141 96 3150 .
757 3128 818 3181 gen.
