2000 3709
139 247 143 251 .
215 265 217 268 ,
303 180 644 262 ἰῐΒΕκΧΧνῐι
817 225 869 272 54.

112 290 225 348 &calor
237 295 334 348 hiantes
352 297 481 350 caedendos
493 299 675 367 capiendosque
693 295 789 349 affatim
804 314 870 368 prag

117 373 205 424 bebat.
245 399 248 409 =

113 478 124 504 ,ι
151 449 249 502 XLIX.
268 455 402 522 Elephanti
417 456 498 523 plures
515 455 548 505 ab
565 453 780 521 immutantibus,
797 460 871 522 quam

117 527 150 578 ab
162 529 239 593 noue,
256 531 387 581 intersedit.
405 533 494 582 fabrile
511 533 644 600 scalprum·
651 548 708 582 cum
725 533 815 584 malleo
827 535 872 584 ha-

117 605 225 656 bebant:
243 607 278 670 id,
295 609 339 658 ubi
354 607 440 659 saevire
455 609 543 658 belluae
556 624 587 658 ac
601 623 672 658 ruere
685 608 711 657 in
724 608 780 658 suos
789 621 872 676 coepe·

116 681 182 744 rant,
200 687 316 750 magiiier
332 687 396 738 inter
413 703 484 736 aures
501 686 620 755 pontum,
637 686 692 754 ipso
713 687 739 736 in
756 687 872 759 articulo,

116 777 170 828 quo
179 763 295 826 jungitur
312 766 388 832 capiti
408 767 507 828 cervix,
523 776 619 830 quanto
638 764 752 814 maximo
772 775 872 832 poterat

116 838 178 903 itin,
193 839 319 905 adigebat.
355 845 391 892 Ea
402 843 530 892 celerrima
539 843 583 892 via
591 843 679 892 mortis
690 843 716 890 in
731 853 805 892 tantae
814 858 871 892 mo-

115 917 147 966 lis
158 919 240 968 bellua
252 921 354 970 inventa
363 931 425 983 erat,
437 921 481 970 ubi
493 920 595 984 regendi
604 918 673 986 spem
682 918 805 973 uicissent.
818 921 870 988 pti·
929 938 933 942 ·

115 993 221 1060 musque
233 995 258 1046 id
267 996 404 1062 Hasdrubal
420 997 566 1059 instituerat,
584 993 637 1044 dux
647 995 799 1064 quumvsaepe
810 996 872 1049 alian

115 1072 296 1136 memorabilis,
314 1083 368 1122 tum
383 1073 424 1122 illd
437 1072 560 1140 praecipui
572 1072 664 1137 pugni.
699 1072 743 1121 ille
756 1087 870 1139 pugnan-

115 1159 153 1198 tes
167 1149 300 1212 hortando,
318 1152 457 1218 pariterque
472 1148 591 1200 obeundo
603 1149 721 1216 pericula,
738 1148 870 1201 sustinuit:

115 1227 158 1278 ilie
168 1225 241 1278 seffor
252 1228 435 1296 abnuentesque
448 1227 522 1278 taedio
534 1228 559 1278 iit
568 1227 662 1291 labore,
679 1243 746 1278 nunc
762 1244 871 1295 precan-

115 1305 159 1368 do,
175 1321 241 1356 nunc
258 1307 408 1372 castigando,
426 1307 556 1357 accendit:
574 1306 614 1355 ille
629 1305 751 1370 fugientes
763 1322 870 1358 revoca·

114 1383 165 1446 vit,
174 1382 336 1450 omissamque
345 1399 453 1452 pugnam
462 1383 558 1448 aliquot
570 1383 631 1433 locis
645 1383 758 1434 restituit.
777 1384 869 1451 polire·

114 1463 167 1523 md,
186 1477 264 1528 quum
274 1462 339 1512 haud
349 1461 422 1530 dubie
431 1461 533 1512 fortuna
541 1461 649 1511 hostium
659 1459 725 1526 esset,
742 1477 773 1512 ne
784 1461 869 1530 super·

113 1539 173 1588 esset
185 1550 256 1590 tanto
271 1542 393 1591 exercitui
409 1541 480 1595 suum
492 1554 583 1588 nomen
592 1536 686 1600 secuto,
703 1540 830 1590 concitato
841 1556 868 1589 e·

115 1631 168 1682 quo
184 1616 209 1664 se
220 1618 246 1666 in
261 1620 391 1669 cohortem
402 1620 540 1667 Romanam
549 1614 660 1666 immifit.
695 1615 744 1678 lbi,
760 1628 789 1666 ut
798 1629 868 1684 parre

115 1695 299 1756 Hamilcare&
313 1696 452 1746 Hannibale
468 1693 544 1744 fratre
560 1694 663 1759 dignum
676 1705 736 1758 erat,
753 1710 868 1762 pugnans

114 1772 216 1822 cecidit.
251 1775 385 1840 Nunquam
401 1789 431 1824 eo
446 1773 512 1824 bel-lo
526 1774 575 1821 uni
591 1774 644 1822 acie
654 1782 749 1822 tantum
759 1773 866 1824 hoilinm

113 1851 272 1912 intersesium
285 1854 326 1915 esi,
343 1853 489 1918 redditaque
504 1866 574 1917 aequa
588 1849 707 1900 Cannensi
718 1851 807 1915 clades,
820 1854 867 1902 ‘vel

114 1930 197 1994 d-ucis,‘
213 1930 255 2004 vpl
268 1932 391 1981 exercitus
403 1932 513 1993 interitu,
532 1928 673 1979 videbatur.
692 1930 867 1996 Quinquagin-

114 2019 141 2060 ta
153 2009 198 2058 sex
215 2010 293 2059 millia
310 2011 416 2060 hostium
430 2007 530 2059 occisa:
549 2019 622 2074 capta
634 2006 741 2073 quinque
751 2005 867 2062 millia&

112 2085 303 2150 quadringenti:
321 2087 402 2153 prada
416 2085 464 2134 alia
481 2099 571 2148 magna
588 2094 643 2132 tum
661 2084 742 2133 omnis
760 2085 867 2151 generis,

113 2173 170 2212 turn
182 2165 236 2212 auri
248 2165 323 2214 etiam
334 2163 488 2229 argentique.
527 2161 630 2212 Civium
645 2160 721 2211 etiam
736 2165 865 2214 Romano·

112 2256 178 2304 rum,
196 2243 240 2308 qui
251 2242 395 2311 captiapud
407 2241 486 2292 hostes
495 2251 573 2311 erant,
590 2239 866 2306 supraquatuormillia

112 2321 224 2386 capitum
239 2331 346 2388 recepta.
363 2319 389 2370 id
404 2320 485 2370 solatii
496 2317 546 2368 suit
561 2333 608 2385 pro
623 2318 711 2369 amissis
728 2335 759 2370 eo
776 2321 865 2387 proelio

112 2395 245 2462 militibus.
263 2400 328 2448 Nam
340 2397 532 2462 haudquaquam
547 2398 675 2446 incruenta
684 2395 790 2447 viiioria
799 2398 864 2447 suit:

114 2472 173 2524 osio
193 2472 270 2524 ferme
290 2475 367 2524 millia
384 2477 556 2524 Romanorum
575 2471 751 2540 sociorumque
770 2474 862 2526 occisa.

113 2551 236 2618 Adedque
245 2553 320 2602 etiam
336 2551 442 2602 vidores
456 2550 581 2617 sanguinis
590 2551 708 2626 cadisque
718 2563 816 2621 ceperat
825 2550 864 2605 sa·
904 2554 908 2558 ‘

17 2669 19 2676 .
113 2632 195 2695 tietas,
218 2641 247 2682 ut
263 2631 360 2698 postero
376 2629 425 2694 die,
449 2645 527 2697 quum
545 2627 604 2679 esset
621 2631 765 2682 nunciatum
783 2630 865 2682 Livio

113 2710 219 2772 consuli,
236 2710 322 2760 Gallos
339 2709 478 2776 Cisalpinos
494 2708 656 2775 Liguresque,
673 2710 716 2775 qui
732 2719 776 2760 aut
797 2723 863 2777 pm·

113 2791 151 2842 lio
160 2805 212 2840 non
222 2785 360 2848 adfuissent,
377 2798 421 2837 aut
432 2789 496 2838 inter
505 2787 597 2838 cadem
608 2784 754 2852 effugissent,
774 2800 826 2839 uno
834 2783 871 2837 a·'

113 2867 200 2932 gmine
207 2866 276 2916 abire
283 2863 332 2914 tine
339 2875 408 2916 certo
417 2863 488 2928 duce,
496 2865 545 2915 sme
553 2865 635 2931 ignis,
645 2864 696 2916 fine
704 2865 791 2939 ordine
799 2862 861 2930 ullo,

110 2953 160 2996 aut
176 2937 282 3013 imperio
288 2959 297 3008 5
319 2942 393 3011 polle,
410 2942 429 2996 s
444 2957 495 2995 una
509 2943 622 3012 equitum
638 2943 677 2996 ala
692 2943 815 3004 mittatur,
831 2954 862 2998 u·

789 3032 861 3074 mute
