2000 3709
184 249 220 319 lt
422 268 425 277 ’
457 256 493 307 τ.
531 246 689 308 Lrvrt

186 352 240 409 nes,
258 338 349 396 nedum
361 344 513 407 vilioribus5
531 343 632 397 &sceda
644 340 772 413 supplicia,
789 344 816 397 dc
826 345 937 396 iu'ter'vl²

186 430 250 489 irum
261 424 381 491 &epulas
394 419 470 475 caedes
482 426 629 488 amicorum,
647 425 672 474 ἃ
685 425 823 474 vanitatem
831 426 937 485 ementi·
981 425 988 437 ¹

187 499 257 555 endae
266 500 355 571 llirp'is.
392 503 469 569 Quid,
486 504 504 554 ti
515 504 570 553 vini
581 518 653 553 arnor
661 504 687 552 in
698 504 751 555 dies
762 503 834 554 fieret
842 504 938 557 acriori

185 579 255 649 'quid,
274 582 361 632 sitrux
380 599 409 635 ac
429 582 576 650 praeiervida
599 584 651 633 ira?
668 586 723 647 (nec
742 583 877 649 quicquam
891 582 937 634 ‹lu-¹

185 652 257 711 bium
275 661 339 710 inter
356 660 487 728 scriptores
507 659 598 725 refero)
614 662 713 711 nullane
728 663 779 712 haee
791 662 880 712 damna
892 664 938 711 im·

186 740 317 807 peratoriis
328 740 463 789 virtutibus
481 728 612 791 ducimus?
646 741 749 791 Idvero
764 742 901 808 periculum
913 756 938 789 e·

117 840 121 844 ·
184 826 234 879 rat,
252 814 319 888 quod
330 810 444 867 levissimi
455 832 488 867 ex
502 819 603 882 Graecis,
621 819 664 883 qui
676 818 824 869 Parthorum
838 823 939 885 quoque¹

184 903 275 946 contra
295 910 386 946 nomen
408 898 549 959 Romanurn
568 896 653 960 gloria
663 894 759 960 fauent,
776 895 889 946 diditare
901 896 940 945 lo·
986 923 988 928 >

183 972 246 1036 lent,
264 984 296 1021 ne
307 974 456 1036 majestatem
469 974 577 1025 nominis
591 974 727 1025 Alexandri
737 976 864 1041 (quemne
872 974 941 1026 sarna

182 1045 288 1117 ¹quidem
300 1044 346 1101 illis
357 1062 446 1102 notum
462 1044 571 1102 arbitror
581 1050 660 1115 fuisse)
676 1049 791 1103 sustinere
802 1069 853 1104 nou
863 1052 941 1121 potu·

184 1130 232 1178 erit
244 1130 350 1197 populus
363 1132 505 1199 Romanum
523 1125 557 1193 dc,
566 1127 683 1181 adversus
697 1147 771 1197 quem
781 1133 896 1195 Athenis,
913 1121 942 1181 in

184 1210 290 1259 'civitate
299 1208 375 1259 stalla
387 1210 555 1261 Macedonum
567 1212 650 1274 armis,
667 1221 782 1273 cernente
793 1222 846 1280 tum
856 1206 940 1261 maxi'-
986 1269 987 1280 γ

186 1291 226 1339 mc
237 1292 314 1356 propi
331 1288 452 1339 fumantes
468 1283 622 1358 Thebarum
632 1279 723 1352 ruinas,
742 1291 889 1340 concionari
907 1290 938 1339 li·

180 1364 242 1415 bere
254 1364 303 1413 ausi
315 1364 360 1415 sint
371 1366 493 1435 homines,
512 1364 548 1428 (id
559 1361 627 1431 quod
635 1380 668 1415 ex
681 1365 849 1417 monumentis
861 1367 940 1416 orati-

182 1457 264 1517 onum
282 1448 359 1511 patet)
381 1444 498 1507 adversus
516 1459 574 1493 eum
592 1459 666 1495 uerno
683 1460 715 1495 ex
734 1456 774 1495 tot
793 1445 941 1511 proceribus

182 1520 305 1573 Romanis
316 1538 406 1573 vocem
420 1516 522 1573 liberam
533 1521 646 1572 missurus
656 1522 740 1593 suerit.
776 1524 940 1588 Quantalibet

179 1600 333 1669 ¹magnitudo
350 1602 459 1652 hominis
479 1603 746 1669 concipiauu‘anirno,
764 1604 837 1652 unius
855 1614 941 1662 tamen
986 1659 987 1664 ,

184 1692 215 1727 ea
227 1678 375 1743 magnitudo
391 1678 498 1729 hominis
514 1678 568 1743 erit,
586 1676 687 1727 collesta
699 1678 776 1745 paulo
787 1680 843 1745 plus
852 1679 940 1729 decern

121 1754 123 1757 ’
180 1750 308 1827 annorum
321 1756 455 1807 felicitate:
474 1772 548 1823 quam
560 1756 603 1823 qui
615 1772 645 1805 eo
663 1756 797 1829 extollunt,
811 1758 880 1822 quod
891 1774 940 1825 po·

181 1834 257 1902 ‚pulus
275 1837 410 1899 Romanus,
428 1834 470 1883 ctsr
481 1834 550 1884 nullo
564 1832 639 1897 bello,
656 1832 741 1882 multis
751 1843 834 1884 tamen
846 1836 940 1901 proeliis

185 1914 265 1963 vilius
277 1910 313 1977 lit,
333 1912 476 1963 Alexandro
494 1913 583 1962 nullius
601 1926 689 1979 pugnae
700 1927 752 1961 non
764 1910 868 1962 secunda
885 1914 940 1964 for-

180 1996 246 2041 'tuna
257 1988 349 2053 fuerit,
366 2008 418 2041 non
432 1991 582 2056 intelligunt,
594 1990 619 2040 sc
634 1990 742 2041 hominis
760 2006 798 2040 rcs
809 1992 894 2056 gestas,
913 1994 941 2045 ἃ

184 2070 237 2133 ejus
246 2070 355 2135 juvenis,
373 2084 429 2118 eum
440 2070 528 2137 populi
537 2070 589 2134 jam
603 2061 939 2133 odingeutesimumbellan·

179 2146 216 2201 [tls
227 2162 320 2195 annum
330 2146 407 2195 rebus
414 2146 536 2196 conferre.
565 2146 696 2209 Miremur,
714 2145 739 2209 si,
757 2160 833 2210 quum
845 2162 877 2196 ex
890 2148 940 2197 hae
964 2169 966 2172 ·
986 2183 987 2186 η

183 2235 254 2293 parte
267 2214 346 2274 secula
360 2224 431 2290 plura
443 2235 611 2287 numerentur,
627 2229 700 2289 quam
710 2238 742 2272 ex
753 2224 794 2272 illa
803 2226 870 2287 anni,
882 2226 942 2292 plus

179 2298 211 2354 in
223 2313 274 2353 tam
285 2304 362 2367 longo
374 2302 462 2369 spatio,
470 2309 544 2370 quam
556 2304 582 2353 in
594 2312 665 2353 aetate
676 2302 793 2352 tredecim
804 2318 939 2368 annorum,

13 2354 174 2438 Ἣῆ
181 2384 284 2436 fortuna
296 2382 448 2433 variaverit?
477 2385 546 2449 Quin
558 2393 585 2433 tu
598 2383 705 2431 hominis
715 2397 772 2431 curn
781 2375 892 2445 homine,
911 2382 942 2434 Bt

177 2442 252 2510 ‘ducis
265 2475 322 2509 cum
333 2458 403 2523 duee,
413 2459 541 2510 fortunam
553 2476 610 2510 cum
622 2458 722 2509 fortuna
734 2458 845 2509 coniers?
855 2462 941 2523 'Quot

179 2542 311 2590 Romanos
331 2536 404 2587 duces
423 2539 560 2607 nominem,
577 2538 667 2605 quibus
684 2552 811 2603 nunquam
830 2537 939 2588 adversa

179 2605 284 2667 fortuna
296 2619 382 2683 pugnae
394 2615 459 2667 suit?
494 2619 605 2683 l’aginas
619 2618 645 2665 in¹
661 2615 790 2665 annalibus
807 2616 940 2680 magistra·

177 2686 255 2745 'tuum
266 2693 378 2761 fastisque
390 2708 532 2761 percurrere
542 2695 609 2758 licet,
622 2692 758 2757 consulum,
774 2691 939 2745 dictatorum-

178 2766 240 2839 'que‚
257 2787 362 2838 quorum
372 2788 418 2823 nec
430 2773 540 2837 virtutis,
557 2789 603 2831 nec
615 2772 720 2823 fortunae
734 2770 787 2821 ullo
800 2770 840 2821 die
851 2787 938 2840 popu·

178 2846 235 2902 lum
255 2855 397 2902 Romanum
423 2852 548 2921 poenituit.
583 2854 624 2915 Et,
649 2864 700 2916 quo
726 2847 771 2899 fint
794 2851 938 2902 mirabilio-

176 2922 229 2992 res,
247 2934 321 2996 quam
334 2928 476 2979 Alexander
490 2940 534 2979 aut
552 2928 684 2995 quisquam
704 2940 757 2990 rex,
775 2926 852 2978 denos
865 2930 938 2978 vice-

182 3007 278 3075 nosque
297 3006 348 3057 dies
367 3003 633 3075 quidamdidlaturam,
650 3021 725 3056 uerno
738 3005 791 3072 plus
803 3012 939 3072 quaman-

172 3080 245 3185 ἴω
255 3084 409 3144 consulatum
421 3084 506 3153 gent:
523 3084 555 3138 ab
567 3083 759 3153 uumspresa
770 3083 939 3223 &kstusseiiii
