2000 3709
282 271 373 324 ura
391 268 454 322 nr
487 267 605 321 xxvtr.
788 281 838 332 μς

82 359 176 428 horter,
188 377 246 430 qua
254 365 386 416 amiserant
397 361 497 428 signa,
489 377 517 410 m
528 363 612 429 prima
619 359 673 415 acie
681 358 840 428 pugnabant,

82 444 111 496 ιιι
122 443 189 510 legio
198 444 318 498 viceritne
334 444 367 494 ab
379 443 470 498 dextro
482 456 561 494 cotnu
573 439 696 511 instrulia
731 441 763 489 L.
778 441 841 488 Cor-

85 517 164 574 nelius
176 519 297 582 Lentulus
313 519 340 570 ἃ
358 522 388 569 C.
410 516 528 571 claudius
545 519 614 566 Nero
631 517 706 582 legati
724 516 844 567 cornibus

84 607 216 665 praeerant,
233 599 367 650 Marcellus
376 597 485 648 mediam
497 596 586 660 aciem,
602 597 718 670 hortator
728 594 843 661 testisque

82 674 201 744 praesens,
219 674 344 727 firmabat.
363 677 403 726 nb
413 674 554 727 Hannibale
566 673 670 742 Hispani
681 665 785 742 primam
795 673 844 724 ob·
931 704 935 709 ,

83 753 200 804 tinebant
211 751 329 818 sromem,
346 753 371 806 ἃ
386 753 413 803 id
423 751 538 808 roboris
531 768 557 801 ιιι
569 753 648 804 omni
655 753 768 803 exercitu
779 763 842 802 erat.

85 834 174 918 Quum
184 847 275 900 anceps
286 831 330 882 diu
342 845 426 900 pugna
438 827 506 892 essct,
521 829 648 880 Hannibal
658 829 823 897 elephantos
816 844 845 880 in

82 906 389 976 primamacieminduo'.
391 905 468 970 juffit,
485 899 590 978 liquem
606 921 708 970 injicere
717 922 746 955 ea
757 917 844 956 rectu
886 936 890 943 ·

84 985 196 1036 multum
207 1001 236 1035 ac
245 999 368 1074 pavorem
377 981 464 1052 pollet.
499 985 532 1032 Et
542 983 623 1052 primo
635 983 767 1034 turbarunt
776 983 845 1048 ligna

83 1061 245 1136 ordinesque,
262 1063 287 1114 dc
296 1062 391 1130 partim,
400 1055 543 1124 occulcatis,
563 1062 653 1126 partim
666 1061 783 1130 dissipatis
795 1073 845 1112 tca-

83 1156 153 1206 tore,
166 1142 212 1208 qui
223 1142 288 1193 circa
299 1152 378 1206 eraut,
396 1139 554 1197 nudaverant
562 1141 612 1188 uni
623 1151 694 1207 parte
703 1143 792 1191 aciem.
810 1142 846 1192 l'a-
884 1182 886 1191 ,

85 1218 187 1286 tiusque
197 1219 259 1286 suga
267 1219 392 1285 manasset,
410 1220 437 1270 ni
450 1221 479 1268 C.
492 1217 620 1270 Decimius
630 1218 722 1270 Flavus
731 1220 846 1271 tribunus

84 1297 208 1360 militum,
226 1296 294 1362 figito
308 1307 409 1364 arrepto
421 1295 495 1364 primi
510 1294 605 1357 hastati,
624 1296 782 1364 manipulum
791 1296 847 1360 ejus

84 1372 149 1438 figni
167 1371 192 1424 se
210 1373 280 1440 sequi
296 1373 405 1437 julliffct.
422 1371 506 1436 duxit,
523 1370 695 1429 ubimaxime,
707 1373 846 1424 tumultum

84 1451 246 1516 conglobata
264 1452 350 1504 belluae
367 1452 502 1516 sariebant,
525 1451 625 1518 pilaque
642 1451 669 1499 in
686 1466 726 1502 ear
753 1451 847 1516 conjici

82 1529 163 1594 juffit.
198 1528 296 1580 Haesere
308 1532 394 1582 omnia
409 1529 457 1580 tela
472 1526 539 1578 haud
555 1526 647 1578 difficili
661 1543 694 1579 ex
703 1529 848 1598 propinquo

86 1608 115 1658 ln
133 1616 204 1658 tanta
223 1623 328 1676 corpora
346 1608 404 1670 teu,
422 1607 447 1658 de
465 1619 517 1656 tam
534 1605 646 1657 conferta
657 1609 738 1658 turbt.
756 1607 796 1658 sed
815 1616 847 1657 ut

81 1701 142 1738 non
154 1700 241 1738 omnes
254 1687 377 1738 vulnerati
390 1685 460 1748 sunt;
477 1687 521 1750 ita,
538 1685 683 1752 inquorum
698 1687 773 1752 tergis
788 1685 847 1736 inri-

85 1779 124 1818 κα
142 1765 227 1815 stetere
239 1767 297 1844 pila,
315 1767 353 1830 lut
370 1767 402 1816 est
419 1781 497 1832 genus
515 1767 637 1831 anceps)'
631 1782 658 1816 ιιι
675 1765 761 1832 sugam
780 1763 846 1819 verfi
941 1767 948 1774 ’

85 1843 168 1902 etiam
179 1843 289 1910 integros
300 1846 421 1896 avertere.
457 1843 550 1896 Tum
540 1859 593 1908 jam
611 1859 663 1895 non
680 1861 744 1896 unus
760 1846 844 1895 mani·
870 1871 875 1883 ν

85 1923 170 1990 ριιιιιι,
186 1920 228 1974 sed
240 1939 286 1990 pro
306 1922 330 1973 sc
347 1923 451 1990 quisque
466 1923 545 1987 milet,
563 1939 607 1989 qur
599 1922 694 1974 modo
688 1923 800 2014 assequi
812 1941 844 1974 a·

85 2015 166 2064 gmen
180 1998 330 2066 fugientium
338 2002 526 2070 elephantorum
537 2011 644 2068 poterat,
651 2003 701 2070 pila
711 2004 847 2066 conjicere.

87 2093 121 2128 eo
131 2078 210 2142 magis
221 2093 292 2130 ruere
304 2081 329 2130 in
340 2079 395 2132 suos
406 2079 492 2130 belluae
499 2098 507 2140 ς
525 2089 644 2146 tantoque
654 2080 774 2144 majorem
786 2083 847 2134 stra·
867 2118 870 2123 -

86 2165 149 2220 gem
159 2151 240 2218 edere,
258 2159 332 2224 quam
344 2154 503 2214 inter-hostes
519 2154 656 2218 ediderant,
673 2169 767 2221 quanto
780 2160 846 2209 aeri-

88 2238 120 2284 us
132 2247 215 2300 pavor
232 2233 411 2284 consternatam
430 2234 491 2301 agit,
510 2239 583 2300 quam
599 2233 724 2285 insidentia
735 2238 847 2303 magistri

67 2307 69 2312 ’
82 2309 197 2378 ,imperio
209 2309 313 2376 regitur.
332 2314 361 2360 In
374 2311 544 2378 perturbatam
557 2311 696 2362 transcursu
707 2313 847 2376 belluarum

84 2390 169 2451 aciem
181 2387 248 2454 signa
260 2381 371 2443 inserunt
383 2390 492 2438 Romani
508 2389 616 2457 pedites:
635 2391 660 2442 δι
675 2392 741 2443 haud
752 2411 846 2462 magno

86 2468 225 2519 certamine
245 2467 370 2534 dissipator
390 2467 591 2536 trepidantesque
611 2482 739 2521 avertunt.
774 2478 846 2525 Turn

88 2547 117 2605 in
134 2543 258 2610 fugientes
276 2547 414 2612 equitatum
432 2547 547 2597 immittit
564 2545 771 2615 Marcellus,'nec
788 2556 846 2603 ante

71 2617 77 2622 ¹
88 2625 148 2676 sinis
159 2622 284 2690 sequendi
290 2625 323 2674 ιιι
334 2623 412 2676 sallus
413 2631 505 2691 ‚qu'am
516 2626 542 2675 in
555 2627 630 2677 castra
642 2641 762 2696 paventes
773 2647 845 2681 com·

85 2701 152 2778 pulsi
164 2699 230 2752 sunt.
265 2704 331 2754 Nam
343 2702 415 2771 super
426 2703 483 2770 alia,
499 2721 554 2771 quae
567 2715 687 2757 terrorem
699 2709 846 2774 trepidatio·
848 2729 850 2734 ·

88 2793 198 2846 nemque
209 2777 328 2843 facerent,
345 2781 471 2848 elephanti
490 2797 612 2847 quoque
607 2782 676 2832 duo
669 2800 695 2832 ιιι
707 2783 760 2850 ipsa
772 2794 845 2849 porta

81 2868 246 2920 ‚corruerant
262 2857 391 2928 'coadique
403 2870 473 2910 erant
484 2859 576 2910 militer
585 2877 628 2927 per
639 2860 727 2911 sollam
739 2862 844 2912 vallum-

81 2951 139 3008 que
149 2949 221 2988 ruere
241 2936 267 2986 in
286 2935 370 2987 castra.
389 2937 424 2986 ibi
436 2938 549 2986 maxima
561 2938 666 2987 hostium
678 2939 753 2989 caedce
765 2939 845 2991 latiae

82 3013 152 3067 caesa
163 3011 195 3064 ad
207 3011 264 3064 otio
276 3015 355 3069 millia
366 3015 498 3066 hominum
501 3015 627 3080 ,quinque
640 3017 773 3084 elephanti.
789 3021 844 3073 Nee

86 3089 230 3152 Romanis
223 3076 352 3168 metuente
364 3091 470 3146 victoria
482 3091 540 3145 luit.
552 3092 618 3146 mille
627 3092 705 3148 serme
714 3094 740 3148 dc
751 3093 844 3163 septin-

108 3169 189 3240 Τοιι.
209 3169 247 3224 11
353 3167 354 3174 ’
447 3168 470 3223 t
771 3177 842 3242 genti
