2000 3709
151 240 199 292 are
300 207 303 212 ’
411 227 697 290 τ.-ιινιῐ’

150 341 212 378 num
223 326 360 377 exercitum
377 325 501 378 traducit:
520 327 546 376 ἃ
565 335 594 375 ut
610 339 662 375 non
678 314 808 376 hostiliter
822 319 927 388 stanna,

65 429 74 444 ·
150 404 274 472 quianon
290 403 434 472 desperabat
451 405 622 456 voluntariam
636 403 797 453 deditionem
806 423 815 465 ς
835 405 889 467 ita,
909 399 928 450 st

150 491 307 534 morarentur
325 481 403 549 spem,
423 483 485 532 nihil
502 497 600 545 eorum,
616 495 671 547 quae
687 483 740 548 pati
754 492 805 531 aut
824 482 931 530 timere

149 555 255 628 pollent,
273 559 481 628 pretermillutue.
516 564 626 622 Senatus,
643 575 672 608 ac
684 560 801 609 maximi:
817 560 929 626 primo·

148 651 189 688 ret
200 637 262 702 ejus,
271 637 299 687 in
310 637 426 688 societate
438 640 554 687 Romana
565 651 622 687 cum
634 636 683 697 fide
694 638 807 704 perllare
817 656 827 698 ς
848 635 929 704 plebe

149 725 283 778 novarum,
300 725 329 764 ut
341 712 411 776 solet,
427 727 512 763 rerum
523 723 598 778 atque
615 714 762 763 Hannibalis
773 725 838 764 tota
852 711 928 773 cilice

148 799 296 858 memmque
306 805 424 855 agrorum
440 790 618 856 populationis,
633 789 792 857 &patienda
809 791 840 839 in
851 788 928 839 obli-

148 867 226 920 dione
236 870 315 918 multa
330 868 417 934 gravia
431 865 584 934 indignaque
594 883 734 936 proponere
744 870 853 918 animo.
874 885 925 918 ne·

148 962 198 1014 que
209 945 322 998 austores
333 943 477 996 detettionls
488 945 599 995 deerant.
634 949 722 1011 Itaque
732 946 779 996 ubi
791 949 922 997 senatum

147 1034 230 1076 meost
241 1025 316 1090 cepit,
334 1023 494 1091 s1·propalam
506 1022 644 1086 tenderent,
660 1022 734 1073 retilli
743 1025 921 1076 multitudini

146 1101 280 1152 concitatae
290 1115 341 1150 non
357 1097 423 1167 polle
431 1117 438 1161 ;
456 1099 521 1148 clam
537 1097 674 1161 (imulando
685 1099 839 1152 dilationem
853 1103 921 1152 mali

147 1177 290 1228 inveniunt.
310 1178 406 1244 placere
419 1177 486 1226 enim
497 1173 543 1226 tbi
554 1175 717 1225 desertionem
727 1176 759 1225 ad
771 1180 922 1227 Hanniba·

147 1253 199 1304 lem
215 1252 346 1306 lintulant:
364 1245 454 1319 quibus
472 1261 556 1301 autem
575 1251 760 1302 conditionibus
778 1252 809 1302 in
825 1252 922 1304 soedus
980 1252 982 1301 l

147 1329 336 1396 amicitiamque
351 1343 447 1379 noram
466 1325 600 1391 transeant,
618 1343 705 1394 parum
721 1327 849 1378 constare.
890 1330 920 1380 1·
980 1336 981 1359 ³

147 1417 175 1459 ta
186 1407 268 1476 spatio
279 1407 387 1475 sumpto,
399 1407 496 1470 legatos
506 1419 613 1472 propere
622 1405 654 1454 ad
664 1415 798 1472 pretorem
810 1410 919 1458 Roma·

146 1501 210 1539 rturn
222 1487 370 1538 Marcellum
382 1485 524 1546 Claudium,
540 1484 700 1553 quiearlilini
718 1496 775 1534 enm
788 1487 919 1544 exercitu

148 1575 210 1627 erat,
226 1563 339 1628 mittunt,
349 1562 499 1630 docentque,
511 1573 606 1629 quanto
618 1564 644 1612 in
654 1561 797 1613 discrimine
808 1559 841 1613 stt
852 1567 916 1617 No-

146 1643 205 1694 lana
221 1657 267 1704 rec,
285 1659 374 1709 agrum
392 1641 539 1694 Hannibalis
555 1639 642 1692 effe&
654 1647 796 1706 Poenorum,
813 1645 913 1697 urbem

80 1731 83 1736 '
147 1723 277 1788 externplo
289 1719 407 1783 futuram,
419 1722 446 1770 ni
457 1718 627 1770 subveniatur.
645 1719 808 1771 concedendo
819 1723 912 1788 plebei

147 1795 268 1865 senatum,
286 1801 329 1850 ubi
344 1798 580 1864 velinqdefefintor
591 1798 630 1860 [ιη
646 1814 678 1849 ne
695 1798 801 1850 deficere
812 1803 910 1869 praefe·
982 1850 984 1855 .

146 1878 273 1943 dictarent,
299 1877 411 1940 effecisse.
446 1879 590 1941 Marcellus,
615 1878 760 1930 collaudatis
785 1881 910 1945 Nolanis,

147 1955 235 2008 eidem
247 1955 401 2013 fimulatione
413 1955 571 2005 extrahirem
583 1955 610 2004 in
620 1953 692 2004 suum
702 1955 841 2006 adventum
849 1957 911 2020 jus·
982 1998 983 2003 ,

147 2032 192 2084 stt:
209 2032 310 2084 interim
322 2031 404 2096 celari,
422 2045 477 2096 quae
489 2029 573 2080 [ecum
582 2027 636 2079 atla
647 2028 730 2093 effent,
746 2031 869 2099 [pemque
877 2049 910 2084 o·

146 2123 233 2160 mnem
248 2109 337 2159 auxilii
349 2107 468 2160 Romani.
503 2105 584 2174 Ipsca
596 2106 702 2158 Cafilino
721 2109 846 2159 Calatiam
859 2125 906 2178 pe·

146 2186 197 2252 tit:
223 2196 298 2252 atque
318 2183 385 2248 inde,
406 2183 534 2234 Vulturno
552 2184 621 2234 amni
640 2183 751 2248 trajello,
768 2201 865 2253 perque
876 2203 906 2238 a·

146 2277 222 2329 grum
242 2263 409 2312 Saticulanum
431 2260 655 2327 Trebulantunque
673 2261 746 2330 super
768 2263 907 2317 Suellulam

147 2355 195 2410 pet
205 2351 303 2390 montes
318 2339 411 2390 Nolam
424 2339 549 2410 pervenit.
569 2371 591 2382 ..
729 2334 733 2342 '

183 2423 244 2472 XV.
262 2417 310 2468 Sub
328 2418 464 2469 adventum
482 2417 593 2485 pratoris
610 2417 718 2468 Rotnani
730 2418 821 2471 Poenur
838 2436 904 2486 agro

147 2497 252 2550 Nolano
269 2495 376 2559 excellit,
393 2497 419 2548 ἀ
436 2495 467 2546 ad
483 2510 552 2546 mare
571 2495 686 2562 proxime
703 2497 839 2564 Neapolim
857 2499 905 2550 ‹le-

148 2575 253 2638 stendit,
271 2574 376 2642 cupidus
385 2573 505 2625 maritimi
515 2573 603 2640 oppidi
615 2572 739 2641 potiundi,
755 2580 809 2642 qud
817 2577 907 2630 cursare

149 2653 259 2716 navibus
276 2663 342 2702 tutus
363 2667 395 2703 ex
419 2652 504 2710 Africa
523 2649 590 2702 effer.
627 2655 753 2717 ceterum,
770 2654 905 2723 pollquam

149 2731 310 2800 Neapolitana
325 2729 440 2797 profesto
455 2725 572 2781 Romano
582 2730 660 2780 teneri
670 2731 774 2797 accepit,
791 2735 843 2796 (M.
859 2737 907 2800 Jn.

151 2814 208 2872 nius
221 2810 314 2861 silanus
325 2819 385 2872 erat,
402 2808 434 2858 ab
451 2807 508 2876 ipfis
525 2808 696 2874 Neapolitanis
712 2809 816 2872 accinnl
835 2815 904 2864 Nen-

92 2902 101 2922 ⁸
153 2893 207 2968 poli
222 2886 407 2956 quoque‚·ficut
417 2885 490 2948 Nota,
502 2884 600 2950 omissa,
610 2890 673 2954 petit
684 2888 828 2938 Nuceriam.
847 2905 904 2944 eam

153 2985 231 3044 quum
249 2964 390 3032 aliquandiu
411 2963 610 3028 circuunsediffet²
626 2965 690 3032 [ape
706 2966 742 3027 vi,
759 2965 823 3031 sape
834 2969 905 3020 solli.

154 3044 259 3106 &ndis
269 3044 434 3116 nequicquam
444 3058 512 3098 nunc
520 3042 602 3113 plebe,
613 3059 681 3100 nunc
690 3044 854 3115 principibu,
865 3047 905 3098 la-

857 3135 902 3178 me
