2000 3709
297 234 426 289 Ltus
441 238 465 287 R
498 230 586 291 XX'V.
772 258 824 307 ⁴⁶9

69 329 155 379 manis
165 325 350 399 respondentes,
366 335 440 395 quim
452 328 587 381 domestico
598 328 623 379 se
637 331 739 381 avocari
747 330 826 383 belim

72 405 170 473 Scipio,
188 406 318 472 postquam
334 406 396 457 socii
414 422 460 457 nec
481 407 603 473 precibus,
622 423 667 457 nec
684 409 712 457 vi
728 408 828 459 retineri
867 468 871 475 ,

69 492 201 547 poterant,
218 497 264 531 nec
276 481 301 533 se
312 493 355 533 aut
369 498 453 549 parem
464 482 514 532 stne
528 483 574 532 illis
583 481 709 546 hesiielie,
725 485 829 535 autfra-

70 558 110 607 tri
120 556 204 609 nulus
215 558 334 624 conjungi
344 560 408 609 vidit
420 560 494 625 posse,
510 574 556 609 nec
565 559 644 609 ullum
658 560 725 611 aliud
739 560 829 611 saluta·

68 649 103 687 re
117 635 250 687 consiliunt
265 639 291 687 in
306 648 425 705 promptu
441 636 495 699 elle,
512 648 587 701 retro,
604 648 725 703 quantum
741 638 831 704 posset,

69 714 164 765 cedere
175 714 272 777 statuit5
288 716 314 765 in
328 716 354 767 iel
368 716 438 765 omni
447 716 513 765 curs
525 717 642 779 intentus,
658 716 749 765 necubi
765 718 830 769 busli

68 805 150 857 aquo
162 790 187 841 se
204 792 371 843 committeret
392 793 464 853 loco;
483 794 536 858 qui,
554 790 711 859 transgressus
726 795 831 860 numen,

70 871 155 937 prope
167 871 277 935 vestigiis
289 871 434 921 abeuntium
445 869 576 921 insistebat.

107 952 238 999 XXXIV.
257 952 302 1000 Per
312 948 410 999 eosdem
424 948 477 999 dies
491 952 520 998 P.
530 949 672 1017 Scipionem
686 964 732 1016 par
739 960 830 1016 terror,

71 1026 217 1093 periculum
227 1027 307 1091 majus
319 1027 350 1078 ab
361 1043 432 1081 noro
441 1026 517 1088 hoste,
536 1027 650 1090 urgebat.
668 1028 789 1079 Mafintffa
801 1044 829 1079 e-

72 1102 234 1166 ratjuvenis,
242 1121 273 1155 eo
282 1115 393 1172 tempore
402 1103 482 1154 socius
492 1104 740 1169 Karthaginienfium,
752 1122 828 1171 quent

74 1179 166 1248 deinde
177 1183 272 1231 clarum
284 1180 461 1250 potentemque
473 1184 588 1233 Romana
598 1181 658 1231 fecit
669 1183 789 1233 amicitia.
807 1185 829 1233 is
853 1245 858 1254 x

75 1267 132 1309 tum
148 1262 330 1326 eumequitatu
343 1260 508 1309 Numidarum
520 1260 546 1308 ἃ
557 1258 700 1308 advenienti
711 1262 738 1309 P.
750 1261 830 1326 scipi-

75 1337 122 1387 oni
134 1339 253 1401 occurrit,
272 1338 297 1389 δε
315 1337 401 1389 deinde
418 1337 507 1387 affidue
523 1338 576 1387 dics
591 1336 719 1401 nosiesque
730 1337 831 1387 infestus

74 1413 170 1475 aderat,
187 1425 217 1465 ut
226 1430 277 1465 non
286 1430 364 1478 vagos
376 1420 482 1478 tantum,
500 1414 700 1481 proculicallris
708 1414 830 1478 lignatum
859 1460 863 1467 .

76 1490 274 1556 pabulatumque
292 1489 435 1558 progressos,
453 1492 588 1558 exciperet.
605 1490 646 1541 sed
657 1490 713 1557 ipss
723 1491 830 1558 obequi-

75 1576 141 1615 taret
153 1567 244 1631 castris,
262 1566 420 1633 invesiusque
435 1567 461 1615 in
474 1567 568 1617 medias
583 1566 644 1635 saepe
659 1568 782 1633 stanuum,
799 1584 830 1619 o-

75 1645 147 1693 mnia
158 1644 255 1708 ingenti
270 1645 377 1695 tumultu
392 1643 511 1695 turbaret.
530 1644 642 1695 nosiibus
656 1661 756 1713 quoque
766 1644 830 1714 sepe

76 1721 180 1773 incursu
198 1720 327 1787 repentino
346 1722 372 1771 in
389 1722 466 1789 portis
484 1720 600 1787 valloque
617 1722 765 1789 trepidatum
777 1723 829 1776 est:

77 1810 125 1845 nec
138 1807 182 1846 aut
199 1796 278 1862 locus,
295 1806 445 1863 aut'tempus
464 1798 541 1847 ullum
558 1804 699 1851 vacuumja
715 1809 782 1847 metu
798 1813 830 1849 ac

76 1874 307 1927 sollicitudine-erat
315 1876 448 1937 Romanis:
467 1874 646 1942 compulsisque
654 1877 718 1924 intra
727 1875 830 1939 vallum,

78 1951 200 2019 adempto
211 1967 294 2003 rerum
305 1954 417 2002 omnium
429 1950 482 2015 usu,
500 1968 577 2017 quum
593 1954 671 2018 propi
685 1950 749 2013 jutta
765 1950 831 2000 obsi·

77 2028 122 2081 dio
140 2030 208 2095 esset,
225 2030 381 2095 futuramque
400 2029 530 2079 atilionem
546 2044 602 2078 eam
619 2038 758 2095 appareret,
772 2028 793 2081 a
805 2030 830 2078 se

77 2107 203 2171 Indibilis,
229 2124 303 2175 quem
327 2124 384 2157 cum
403 2106 496 2175 septem
516 2107 625 2156 millibus
644 2108 669 2155 ἃ
689 2106 831 2173 quingentis

78 2183 276 2235 Suessetanorum
293 2182 427 2233 adventare
442 2183 507 2233 sarna
519 2194 579 2248 crat,
595 2184 675 2233 Poenis
686 2184 830 2248 conjunxis-

78 2263 115 2315 set
121 2283 129 2324 ς
146 2262 201 2317 dux
218 2273 303 2313 cautus
324 2262 348 2311 ἃ
360 2262 494 2328 providens
506 2263 597 2329 Scipio,
614 2262 693 2311 vissus
705 2262 829 2313 necessita·

78 2344 154 2405 tibuS,
173 2343 330 2391 temerarium
347 2340 414 2406 capit
431 2339 568 2403 eonsilium,
592 2350 620 2387 ut
636 2340 708 2389 nosie
727 2341 830 2391 ludibili

78 2421 185 2472 obviam
203 2419 267 2467 iret:
284 2418 319 2481 ἀ,
336 2431 484 2481 quocunque
503 2416 644 2466 occurrisset
660 2417 727 2479 loco,
746 2419 829 2485 proeli-

78 2514 122 2549 um
136 2495 284 2547 consereret.
317 2493 412 2544 Relisio
427 2494 505 2557 igitur
515 2493 618 2544 modico
631 2495 740 2562 praefidio
749 2498 774 2545 in
787 2514 828 2547 ca·

78 2577 141 2637 stris,
158 2572 339 2640 praepofitoque
360 2575 395 2621 T.
416 2572 522 2634 Fo'ntejo
540 2572 632 2636 legato,
657 2574 737 2623 medii
756 2575 829 2626 nosle

78 2652 212 2723 proscsius,
230 2666 287 2703 cum
303 2650 386 2699 obviis
401 2649 510 2698 hostibus
525 2666 611 2700 manus
625 2650 756 2701 conseruit.
791 2656 829 2703 A·

78 2732 162 2797 gmina
174 2730 342 2795 magisquim
353 2730 426 2791 acies,
439 2728 598 2795 pugnabant:
616 2728 727 2797 superior
735 2742 828 2795 tamen,

79 2810 142 2859 utin
154 2806 315 2857 tumultuaria
325 2820 416 2873 pugna,
433 2808 559 2855 Romanus
567 2818 628 2856 erat.
646 2811 754 2857 ceterum
767 2807 792 2855 δι
801 2822 826 2855 e·

79 2886 159 2953 quites
172 2884 286 2935 Numida
298 2888 404 2951 repente,
422 2899 484 2948 quos
499 2884 610 2933 fefellisse
621 2886 644 2932 se
661 2884 713 2933 dux
725 2894 791 2933 ratus
802 2899 828 2932 e-

79 2972 125 3025 rat,
142 2960 176 3011 ab
187 2961 303 3010 lateribus
313 2959 460 3023 circumlui,
478 2976 595 3025 magnum
608 2972 726 3010 terrorem
738 2960 828 3011 intule·
899 2980 903 2985 ⁸

81 3054 115 3089 re.
136 3038 270 3094 contraslo
281 3037 396 3094 adversus
406 3038 526 3091 Numidas
537 3038 670 3093 certamine
681 3051 761 3104 novo,
779 3048 827 3089 ter·

98 3118 174 3170 Tou.
194 3116 230 3170 11.
463 3117 478 3166 s
776 3114 826 3167 tius
