2000 3709
160 247 210 328 '47⁸
388 266 391 272 ·
420 257 457 314 τ.
491 261 588 315 arv
604 261 651 314 ιι
680 269 684 280 ·

195 353 293 403 XLVI.
313 352 353 404 Ab
370 363 436 404 terra
454 355 541 422 ingens
557 350 632 405 labor
643 353 831 408 succedentibus
842 367 914 408 erat:
980 340 981 405 J

160 445 207 484 nee
226 432 355 482 altitudine
381 439 479 497 tantum
499 435 618 484 moenium
638 434 848 502 impediebantur,
872 433 914 486 sed
980 474 981 477 ,

159 510 226 578 qubd
243 521 330 562 euntes
346 511 378 562 ad
395 512 516 580 ancipites
529 513 646 579 utrinque
663 513 725 564 istus
736 514 859 579 subjetios
870 517 913 565 ha

159 585 253 640 bebant
272 593 415 652 Romanos;
443 601 472 640 ut
493 591 570 641 latera
593 590 720 642 infestiora
740 591 912 660 subeuntibus,

159 674 235 736 quarn
245 668 350 720 adversa
361 685 475 738 corpora,
493 668 579 720 essent
615 673 912 749 Arparteinaliaquin·
980 722 982 740 Ι

159 749 240 816 gentis
255 747 280 798 dc
296 765 339 818 per
354 749 464 816 siagrium
473 747 552 799 sacrhs
560 745 683 813 transitus
700 750 746 800 dc
738 767 765 800 ru
777 767 913 801 muruma·
980 783 982 800 i

160 819 255 879 scensus
268 827 324 878 inde
336 827 393 880 suit.
411 844 469 878 nam
484 842 565 894 neque
583 843 660 894 opere
671 830 798 880 emunitus
809 842 870 894 erat,
886 837 915 880 ut
980 839 982 873 :

158 907 204 961 ubi
217 905 290 974 ipius
302 907 352 958 loci
363 923 392 958 ac
404 907 480 972 siagrii
495 905 606 975 praefidio
618 903 674 954 satis
692 907 817 959 creditum
834 909 913 968 soret;
980 956 981 959 ,

159 1000 206 1036 nec
217 985 266 1036 usia
275 996 429 1037 armatorum
440 985 512 1036 siatio
520 991 564 1034 aut
572 983 682 1034 euiiodia
690 985 815 1052 oppofita,
834 988 925 1037 inten:

159 1062 190 1112 tis
202 1061 317 1112 omnibus
328 1062 359 1112 ad
371 1078 446 1131 opem
458 1065 488 1111 co
499 1059 634 1121 serendam,
646 1059 711 1108 unde
722 1062 863 1128 periculum
874 1061 917 1114 01⁵³

157 1139 313 1192 tendebatur.
331 1141 381 1192 Ubi
394 1141 481 1192 urbem
493 1138 543 1189 fine
554 1137 688 1190 certamine
700 1139 839 1206 intravere,
858 1159 914 1210 per·

132 1271 134 1276 ,
158 1228 222 1284 gunt
242 1215 308 1281 inde,
325 1228 420 1284 quanto
441 1217 555 1268 maximo
572 1213 645 1266 cursu
664 1227 789 1282 poterant,
809 1218 843 1269 ad
860 1235 914 1270 eam

159 1303 266 1362 portam,
284 1293 349 1345 circa
361 1310 436 1361 quam
453 1307 529 1344 omne
539 1289 699 1361 >contraitum
711 1305 841 1345 certarnen
853 1305 915 1346 erat.

158 1370 185 1420 in
198 1369 265 1437 quod
277 1369 340 1422 adeo
353 1369 443 1420 intenti
457 1370 572 1420 omnium
583 1382 634 1418 non
650 1368 728 1417 animi
740 1369 823 1420 solum
835 1372 914 1436 fuere,

158 1445 200 1500 fed
213 1447 288 1497 etiam
300 1447 367 1498 oculi
378 1445 498 1514 auresque
518 1443 684 1512 pugnantium
699 1442 916 1516 fpestantiumque

160 1525 186 1574 ἃ
198 1524 384 1576 adhortantium
394 1533 541 1594 pugnantes,
549 1533 578 1572 ut
588 1523 662 1572 nemo
669 1525 727 1572 a'nte
735 1523 768 1573 ab
778 1535 852 1594 tergo
861 1528 916 1576 sen·

159 1601 218 1654 serit
229 1593 329 1670 captam
345 1604 443 1667 urbem,
456 1609 536 1670 quam
547 1601 596 1651 tela
607 1601 748 1673 inaversos
759 1602 915 1671 inciderunt,
980 1614 981 1617 ’

159 1682 310 1748 &utrinqne
328 1683 460 1752 ancipitem
476 1682 570 1732 hostem
588 1678 720 1729 habebant.
738 1691 808 1745 tune,
827 1684 915 1733 turba·
980 1672 981 1693 ¹

159 1762 190 1812 tis
202 1759 371 1812 defensoribus
382 1772 458 1825 metu,
476 1761 502 1812 δι
520 1759 610 1810 moenia
622 1769 703 1828 capta,
721 1759 747 1809 ἃ
758 1771 835 1826 porta
847 1763 913 1812 intus

159 1838 269 1907 forisque
284 1839 376 1908 pariter
386 1839 489 1904 refringi
501 1850 596 1907 coeptar
613 1837 639 1888 dc
649 1829 715 1893 'mox
724 1838 843 1891 cadendo
852 1855 913 1891 con·

159 1918 250 1981 sraiiis,
268 1934 298 1969 ne
316 1920 364 1969 iter
380 1917 549 1986 impediretur,
567 1917 672 1983 foribus,
689 1919 779 1969 armati
790 1919 914 1988 impeturn

158 1997 280 2049 fecerunt.
315 2001 409 2062 Magna
426 1996 560 2048 multitudo
576 1998 602 2048 δι
617 2013 701 2048 muros
714 1999 914 2063 transcendebat,

138 2097 142 2101 ·
158 2077 200 2128 sed
213 2077 238 2126 hi
251 2075 334 2145 passim
349 2075 379 2126 ad
392 2076 482 2126 cadem
499 2075 681 2142 oppidanorum
696 2076 770 2127 verfi.
788 2078 840 2142 illa,
858 2093 914 2143 quar

158 2167 258 2222 portam
279 2153 382 2220 ingressa
402 2167 462 2217 erat,
477 2154 541 2218 juna
557 2155 630 2217 acies,
647 2171 704 2206 cum
723 2154 837 2220 ducibuS,
855 2172 914 2206 cum

158 2233 297 2296 ordinibus,
314 2231 396 2284 medii
407 2227 468 2283 u'rbe
480 2231 601 2299 inferum
613 2232 736 2300 procedit.
757 2234 820 2283 Inde
833 2249 914 2300 quum

158 2311 257 2362 duobus
273 2312 403 2363 itineribus
414 2311 537 2377 fugientes
548 2310 644 2362 videret
654 2312 740 2376 hoster,
756 2311 818 2362 alios
829 2313 861 2361 ad
871 2323 913 2362 tu·

67 2431 72 2438 .
157 2391 254 2458 naulum
264 2390 291 2440 in
303 2392 426 2441 orientem
435 2387 544 2453 versum,
562 2391 605 2456 qui
618 2391 748 2440 tenebatur
758 2391 914 2456 quingento-

157 2485 213 2522 rum
225 2471 332 2520 militum
344 2469 463 2540 prasidio,
480 2469 542 2518 aiios
554 2469 579 2517 in
589 2483 680 2532 arcem,
698 2471 724 2518 in
736 2476 812 2535 quam
824 2469 851 2519 dr
859 2469 915 2538 ipse

93 2547 95 2558 ’
157 2549 238 2612 Mago
255 2562 312 2597 cum
327 2546 445 2598 omnibns
456 2545 507 2597 fere
516 2547 624 2610 armatis,
642 2545 685 2611 qui
697 2546 774 2597 muris
783 2546 846 2614 pulfi
858 2545 914 2598 sue·

157 2635 221 2691 rant,
239 2623 380 2691 refugerat;
397 2627 488 2696 partim
500 2625 629 2692 copiarum
643 2625 675 2674 ad
691 2626 817 2675 tumulum
829 2641 914 2694 expu-
980 2643 982 2675 t

158 2703 283 2770 gnandum
292 2705 379 2768 mittit,
398 2705 488 2772 partim
499 2701 551 2770 ipse
559 2702 590 2752 ad
600 2717 681 2752 arcem
694 2701 773 2752 ducit.
788 2702 818 2752 ἃ
827 2712 914 2752 tumu·
980 2734 981 2755 r

158 2781 195 2833 lus
208 2781 310 2850 primb'
302 2791 400 2848 impetu
414 2781 447 2832 esi
459 2792 553 2848 captus,
571 2780 596 2831 dt
608 2782 696 2844 Mago,
712 2795 797 2830 arcem
808 2790 916 2830 conatur
980 2798 981 2805 ¹

67 2905 72 2912 ,
158 2859 299 2921 defendere,
317 2874 393 2924 quum
410 2875 493 2909 omnia
504 2858 611 2908 hostium
622 2859 695 2925 plena
707 2856 814 2921 videret
830 2870 914 2925 neque
980 2872 981 2875 ’

158 2933 228 2999 spem
245 2934 320 2980 ullam
338 2931 392 2996 esse,
414 2933 438 2991 fe
439 2948 587 2999 arcemque
605 2934 632 2983 a
650 2931 789 3001 praesrdiut'n
807 2931 913 2985 dedidit.
974 2939 982 2971 ¹

158 3009 249 3068 Quoad
260 3006 348 3058 dedita
364 3026 410 3060 arx
427 3013 468 3074 est,
485 3011 562 3061 eaedes
576 3012 630 3061 toti
642 3011 705 3063 urbe
719 3011 807 3079 paffim
823 3008 913 3089 sasiae3

153 3093 201 3148 nec
218 3084 261 3134 uili
277 3085 411 3176 puberum,
429 3089 472 3156 qui
490 3087 643 3142 obviussuit
643 3090 823 3158 ,parcebatur
817 3099 910 3205 stum,

845 3168 910 3219 igno
974 3192 982 3243 p
