2000 3709
323 276 348 327 L
366 276 380 325 I
398 276 418 325 B
437 276 461 325 E
479 276 505 327 R
541 276 592 326 lX.
799 288 833 343 11

31 419 37 426 Ι
92 348 168 426 ιιιῐιιιι
179 352 235 403 alter
246 368 302 413 cum
320 356 424 423 PapIrio
443 354 550 403 consule
561 356 621 405 locis
631 356 762 407 maritimis
772 370 831 425 pet·

89 430 178 481 venerat
195 437 273 502 Arpos
295 449 340 501 per
360 434 447 483 omnia
464 444 563 499 pacata,
587 435 733 484 Samnitium
750 436 831 499 magis

91 503 205 567 injuriis&
220 510 290 573 odio,
308 514 383 575 quarn
401 508 531 558 beneficio
541 510 592 559 ullo
604 512 691 578 populi
711 512 830 562 Romani.

90 582 275 651 Namsamnitcs,
292 587 323 635 eb
338 587 481 654 tempestate
499 587 525 635 in
534 588 659 637 montibus
671 589 774 638 vicatim
785 590 830 637 ba·

87 657 185 727 ditantes,
202 665 350 733 campestria
362 664 387 715 &
397 666 527 714 maritima
537 666 600 728 loca,
617 676 762 733 contempto
777 666 831 716 cul2

85 747 157 791 torum
168 746 283 793 molliore
294 755 379 809 atque,
391 754 420 793 ut
432 746 521 793 evenit
532 743 590 806 scre,
600 745 660 793 locis
672 743 747 794 fimlli
754 749 831 809 μοι’·

80 819 111 882 sc,
126 818 167 886 ipsi
183 814 299 872 montani
317 834 393 887 atque
411 822 517 887 agrestes
534 822 758 889 depopulabantur.
775 836 831 889 quae

80 899 142 961 regio
157 898 174 954 sr
190 900 240 951 fida
259 901 412 951 Samnitibus
430 900 523 963 initiet,
540 912 584 950 aut
600 900 730 968 pervenire
748 905 832 967 Arpos

79 978 193 1029 exercitus
205 984 338 1031 Romanus
351 967 479 1047 nepussset,
497 988 542 1029 aut
557 979 683 1044 interjetla
700 981 765 1029 inter
781 982 833 1029 Ro·-

77 1071 138 1106 mam
157 1056 183 1108 ἃ
203 1056 299 1126 Arpos,
325 1058 429 1126 penuria
445 1066 530 1109 rerum
544 1059 665 1123 omnium,
688 1058 831 1108 exclusosa

78 1137 256 1187 commeatibus
266 1136 443 1203 absumpfislet.
463 1140 535 1187 Tum
546 1152 645 1204 quoque
657 1135 781 1203 profestos
791 1136 832 1185 in·

77 1210 145 1261 dead
161 1216 307 1277 Luceriam,
321 1212 396 1276 juxta
414 1212 551 1264 obsidentes
571 1212 735 1278 obsessosque,
745 1213 833 1279 inopia

77 1292 188 1341 vexavit.
209 1294 296 1351 omnia
316 1292 348 1341 ab
369 1293 442 1359 Arpis
463 1292 582 1344 Romanis
594 1290 832 1359 suppeditabantur3

75 1376 183 1421 ceterum
194 1370 261 1421 adeo
281 1370 380 1435 exigui,
399 1378 432 1421 ιιι
443 1370 526 1434 militi,
544 1378 669 1437 occupato
686 1369 844 1443 stationibus¹

74 1450 218 1517 vigiliisque
231 1450 256 1501 a
268 1449 351 1518 opere}
369 1464 442 1517 eques
454 1448 570 1498 folliculis
581 1450 608 1498 in
620 1448 697 1498 castra
713 1448 745 1498 ab
757 1448 833 1517 Arpis

74 1526 230 1579 frumentum
242 1528 359 1591 veheret;
380 1528 506 1578 interdurn
517 1525 622 1577 occursu
638 1524 746 1576 hostium
757 1540 833 1590 coge·

72 1617 147 1671 tetur,
173 1604 276 1671 abjeslo
294 1621 329 1657 ex
350 1622 417 1673 equo
435 1606 572 1669 frumento,
596 1619 715 1673 pugnare.
733 1602 831 1656 obrem

64 1680 150 1757 prius,
172 1684 251 1753 quam
262 1686 325 1737 alter
342 1684 429 1736 consul
438 1683 535 1735 viliore
552 1685 667 1735 exercitu
677 1682 787 1749 advenit,
806 1682 833 1737 ἁ

73 1774 230 1814 commeatus
247 1766 280 1833 eit
298 1764 427 1815 montibus
446 1762 593 1814 Samnitium
604 1760 697 1812 investi
709 1771 786 1824 erant,
804 1762 833 1813 ἀ

71 1844 171 1893 auxilia
179 1836 326 1919 intromissa
361 1841 477 1891 Ariliora
492 1840 576 1891 omnia
593 1839 716 1890 adventus
732 1839 832 1890 Publilii

55 1920 154 1982 .seclr;
170 1922 222 1987 qui,
239 1898 369 1999 obsidione
383 1920 519 2007 delegata
512 1936 539 1972 ln
556 1932 641 1969 curam
658 1917 768 1981 collega,
784 1932 831 1968 va-

63 1990 135 2049 'tuus
148 2014 193 2065 per
200 2014 274 2063 agros
285 1978 376 2049 euntia
383 1980 470 2049 iirsesla
485 1996 673 2052 commeatibus
676 1994 782 2045 hostium
794 1994 832 2045 se·

71 2086 167 2126 cerat.
185 2078 275 2142 ltaque
289 2092 367 2145 quum
382 2076 441 2145 spes
448 2058 515 2143 nulla
531 2073 597 2138 esset,
613 2073 706 2125 diutius
724 2070 832 2127 obsessos

71 2154 189 2221 inopiam
202 2155 305 2220 laturos,
330 2154 409 2206 coatu
430 2154 558 2217 Samnites,
581 2153 624 2219 qui
647 2151 678 2203 ad
697 2152 831 2204 Luceriam

70 2233 152 2283 casira
163 2232 297 2296 habebant,
313 2233 423 2301 undique
434 2231 564 2283 contradis
573 2230 676 2296 viribus,
693 2228 761 2296 signa
771 2245 831 2283 cum

61 2364 65 2372 „
71 2312 177 2379 Paprr1o
189 2312 312 2363 conferre.

106 2392 184 2439 xlv.
204 2392 251 2439 Per
262 2390 287 2440 id
298 2400 404 2459 tempus,
422 2386 565 2460 parantibus
573 2378 683 2454 utrisque
692 2384 716 2435 se
725 2385 756 2437 ad
764 2400 830 2455 prce·

69 2466 143 2528 lium,
159 2467 236 2531 legati
252 2468 385 2521 Tarentini
403 2468 582 2530 interveniunt,
599 2458 776 2516 denunciantes
788 2469 829 2514 Sa·

70 2545 196 2594 mnitibus
204 2546 381 2617 Romanisque,
398 2544 524 2595 utbellum
534 2546 686 2597 omitterent.
704 2559 750 2617 per
759 2554 830 2595 utros

69 2622 183 2687 stetisset,
201 2640 252 2689 quo
271 2626 354 2675 mimis
375 2622 539 2674 discederetur
555 2623 588 2673 ab
608 2625 689 2687 armis,
712 2621 829 2677 adversus

56 2715 115 2765 *eos
136 2701 162 2749 se
177 2716 222 2768 pro
233 2703 314 2752 alteris
331 2713 496 2770 pugnaturos,
530 2703 565 2755 Ea
582 2703 707 2768 legatione
718 2702 830 2769 Papirius

69 2778 168 2843 audita,
187 2780 288 2846 perlnde
300 2796 330 2829 ac
338 2791 424 2833 motus
435 2780 504 2831 ditiis
518 2796 613 2845 cortun,
631 2797 688 2830 cum
698 2780 792 2845 collega
803 2780 829 2830 se

68 2858 318 2909 communicaturum
328 2856 455 2923 respondit
466 2875 472 2906 ι
489 2859 621 2925 accitoque
631 2875 671 2922 eo,
682 2849 759 2925 quum
770 2868 829 2909 tem-

67 2948 118 3000 pus
131 2949 210 2983 omne
227 2935 253 2984 in
270 2945 393 3001 apparatu
405 2935 593 3003 consumpsisset,
611 2936 748 2988 collocutus
759 2936 789 2987 de
802 2953 829 2989 re

67 3011 139 3065 haud
149 3012 236 3076 dubia
254 3014 350 3079 signum
364 3029 452 3081 pugna
467 3016 605 3083 proposuit.
642 3015 782 3079 ligentibus
790 3016 828 3067 di
883 3002 888 3009 ’

67 3088 133 3151 vina
154 3088 324 3161 humanaque,
335 3105 410 3169 ιιιιιι,
415 3090 525 3159 assolent,
542 3107 620 3173 quum
635 3090 689 3172 acie
707 3090 828 3211 dimipan-

786 3178 831 3216 unt
