2000 3709
329 236 624 289 Lrnutxxv.
795 232 849 300 37,

72 322 195 401 triaque
212 320 322 375 ramma
339 323 404 374 sunt.
438 324 565 375 Hannibal
581 322 679 374 filentio
694 322 803 375 dncebn
819 323 851 374 ad

76 398 207 467 portam
243 400 311 453 Nico
329 388 362 451 ex'
379 401 519 469 improviso
535 399 637 455 adortus
655 402 750 470 sopitos
761 404 852 468 vigilet

76 482 106 528 in
121 479 260 529 cubilibus
272 478 323 530 ιιιιι
334 480 477 542 obtruncat,
489 491 638 549 portamque
647 482 734 549 aperit.
754 481 852 532 Hanni·

78 558 127 607 bal
142 574 209 608 cum
220 558 334 625 peditum
349 560 448 623 agmine
462 558 607 624 ingreditur,
624 562 718 625 equitet
728 558 855 610 subillere

76 635 182 701 jubet:
207 648 245 701 ut,
262 640 313 703 quo
331 651 368 687 rer
385 636 499 704 pullulet,
517 628 745 693 occurrerelibcro
761 652 854 706 campo

78 713 204 781 pulsent.
239 717 271 765 Et
283 714 439 765 Philemenus
451 715 556 783 portulae
567 725 637 783 parte
648 716 704 780 alie,
722 717 773 783 qud
781 728 854 767 eom·

80 806 181 843 meare
199 790 312 857 affuerat,
320 792 557 864 appropinquabat.
575 804 635 843 nota
646 810 702 845 vox
712 795 766 859 ejus
779 794 854 856 &ia-
918 849 922 853 .

62 921 67 929 ,
80 868 195 918 miliare
208 868 263 932 jann
274 868 369 934 fignum
384 884 461 934 quum
472 868 600 919 extitisset
610 870 724 934 vigilem,
739 871 854 935 diceutit,
944 864 950 879 ⁸

80 946 138 997 vix
151 945 274 997 sullinere
285 946 477 1011 grandirbeliiae
489 961 561 1007 onus,
573 948 672 1012 portula
679 950 799 1018 aperitur.
813 950 854 999 in·

80 1023 204 1075 serentes
215 1040 303 1093 aprum
321 1025 384 1075 duos
401 1026 506 1089 juvenes
522 1024 620 1075 secutur
637 1026 689 1094 ipse
704 1044 762 1078 curn
773 1042 853 1096 expe·

82 1102 149 1153 dito
166 1115 299 1168 venatore,
317 1104 429 1168 vigilem,
447 1104 572 1155 incautius
587 1106 710 1155 miraculo
726 1108 853 1171 magnitu-

84 1180 162 1232 dinis
175 1182 205 1232 iu
221 1183 273 1247 eos,
290 1183 333 1249 qui
350 1182 472 1246 ferebant,
489 1182 597 1245 uersum,
614 1184 740 1235 venabulo
751 1186 854 1249 trajicit.

86 1259 198 1325 ingreili
209 1259 298 1309 deinde
308 1259 411 1325 triginta
423 1257 473 1309 ιιιὲ
484 1258 582 1324 armati,
600 1270 695 1310 ceteros
706 1262 795 1325 vigiles
806 1262 855 1313 ob-

85 1346 223 1404 truncant,
240 1338 429 1403 refringuntque
441 1348 540 1406 portam
552 1338 695 1405 proximam
707 1356 714 1388 e
727 1339 753 1389 u
764 1354 854 1405 agnitu

86 1416 138 1467 sub
152 1417 229 1482 lignis
248 1417 377 1467 confestim
394 1417 493 1483 irrupit.
518 1416 576 1466 inde
588 1432 647 1467 cum
664 1416 759 1468 lilentio
774 1419 800 1467 in
813 1418 853 1469 lo·

87 1510 153 1545 rum
165 1495 242 1558 durii,
260 1495 394 1547 Hannibali
412 1495 463 1547 sele
481 1496 676 1559 conjunxerunt.
713 1499 778 1546 Cum
790 1496 854 1547 duo·

86 1572 141 1625 but
159 1574 272 1625 millibus
291 1574 422 1624 Gallorum
440 1575 535 1638 Poenus,
553 1574 645 1623 intres
662 1573 746 1625 divifir
763 1586 853 1643 parter,

88 1666 140 1720 per
151 1653 242 1703 urbem
254 1652 361 1703 dimittit
369 1653 530 1716 Tarentinos,
548 1652 573 1702 Bc
584 1652 673 1702 itinera
684 1658 758 1719 quim
770 1656 852 1705 maxi·

90 1734 135 1781 me
147 1730 290 1797 frequentia
306 1744 429 1798 occupare
442 1727 533 1795 'jubetz
552 1731 659 1780 tumultu
674 1742 740 1795 orto,
758 1726 852 1784 Rom'a·

91 1825 143 1861 noe
155 1810 241 1879 pallini
254 1809 323 1875 cedi,
341 1810 473 1878 oppidanis
484 1810 564 1877 parci.
583 1808 634 1873 led,
651 1819 682 1860 ut
692 1809 746 1859 fieri
757 1810 782 1860 ie
794 1811 852 1878 pos·

91 1885 140 1950 set,
157 1888 271 1955 precipit
280 1888 416 1951 juvenibus
429 1886 582 1949 Tarentinis,
598 1897 636 1948 ut,
652 1885 698 1935 ubi
708 1900 782 1950 quem
794 1886 852 1937 suo·

90 1978 153 2015 rum
165 1965 254 2032 procul
267 1963 390 2031 vidissent,
408 1962 571 2033 quiescere&
583 1962 660 2028 filere,
676 1976 707 2013 ac
718 1962 787 2016 hono
798 1964 853 2015 eni·

92 2054 143 2093 mo
154 2040 203 2091 elle
212 2042 339 2107 juberent.

129 2125 166 2171 X.
185 2123 244 2185 Jam
255 2122 376 2171 tumultur
388 2130 442 2172 erat
452 2121 607 2188 clamorque,
624 2118 704 2186 qualis
715 2118 781 2169 elle
773 2136 799 2171 ιι
811 2134 853 2173 ιι·

93 2207 140 2267 pta
152 2199 217 2251 urbe
227 2196 303 2250 solet:
322 2199 372 2263 led,
390 2199 450 2264 quid
461 2198 574 2261 rutilet,
590 2214 664 2249 uerno
675 2198 733 2247 satir
743 2213 790 2266 pro
799 2214 853 2249 cer·

93 2287 124 2327 to
136 2276 209 2327 seire.
244 2278 378 2327 Tarentini
393 2280 521 2328 Romanor
541 2276 572 2327 ad
590 2276 755 2343 diripiendam
765 2277 853 2330 urbem

94 2348 196 2407 credere
213 2366 330 2407 coortos:
347 2357 467 2407 Romanis
484 2355 574 2406 seditio
591 2355 674 2420 aliqua
692 2369 750 2404 curu
766 2354 854 2407 fraude

96 2436 179 2485 videri
191 2435 225 2485 ab
237 2436 369 2504 oppidanis
380 2445 459 2487 mota.
494 2434 626 2485 Pteleum
636 2434 719 2501 primi>
729 2436 857 2497 excitauit,

94 2512 215 2575 tumultu,
231 2512 259 2563 in
277 2520 379 2580 portum
390 2511 493 2575 effugit:
512 2512 579 2572 inde,
595 2521 712 2583 aceeptus
723 2512 813 2579 scaphir
824 2513 852 2565 in

93 2606 176 2641 arcem
195 2591 402 2641 circumvehitur.
436 2594 574 2641 Terrorem
585 2590 619 2639 ιιι
637 2590 698 2641 tuba
713 2585 804 2642 audiu'
816 2606 851 2644 ex
900 2634 904 2636 a

96 2670 196 2719 theatro
207 2668 325 2720 faciebat.
344 2684 401 2719 nom
414 2668 440 2718 dr
451 2672 566 2719 Romana
576 2679 638 2733 erat,
654 2673 668 2718 a
680 2669 852 2737 proditoribus

86 2747 128 2799 ,ad
139 2748 189 2797 hoc
200 2745 281 2815 ipsum
293 2755 445 2816 preparata:
463 2746 489 2797 δι
507 2746 638 2798 inscienter
651 2753 666 2799 ι
678 2752 767 2799 Graeco
779 2749 851 2797 infla-

97 2837 131 2889 ta,
147 2828 212 2892 quie,
230 2836 274 2877 aut
285 2827 375 2891 quibus
387 2825 481 2889 signum
492 2825 571 2891 darer,
589 2828 710 2877 incertum
721 2825 850 2876 efficiebat.

97 2906 146 2955 Ubi
158 2906 252 2968 illuxit,
265 2904 289 2955 tc
302 2902 421 2955 Romanis
433 2904 527 2969 Puuice
539 2904 564 2954 dc
576 2905 673 2954 Gallica
684 2918 753 2952 artua
763 2904 851 2966 cogni·

99 2990 131 3045 ιι,
148 2992 203 3032 tum
221 2980 402 3032 dubitationem
420 2981 627 3042 elementum&
647 2979 740 3040 Graeei,
755 2981 850 3031 Roma·

49 3130 53 3138 Α
94 3072 145 3115 ιιι
160 3060 247 3133 parum
264 3059 328 3115 eade
345 3060 433 3114 litator
450 3072 585 3129 cernentes,
600 3060 634 3116 ab
649 3057 792 3125 Hannibale
808 3074 849 3115 ct·

89 3185 92 3195 .
776 3145 848 3209 praru
