2000 3709
149 208 198 255 esa
398 196 640 255 ·'r.1.1v11

149 284 317 341 Hannibalem
334 300 368 339 ex
387 290 478 362 iti-nere
493 290 599 357 regredi,
614 290 736 355 religione
753 284 901 343 sese-exsui·

151 362 251 415 vitient.
267 364 298 415 de
317 368 347 417 iis
364 367 479 418 dedendis
495 370 586 433 magui
602 372 766 420 contentione
783 366 866 417 aslum
878 368 904 414 iu

152 440 238 491 senatu
250 441 296 493 elle
310 462 316 494 t
335 444 463 513 visiosque
474 448 559 515 paucis
570 445 704 511 sententiis,
719 448 767 513 qui
778 443 905 495 dedendos

152 519 299 572 censuerint.
316 528 427 574 ceterum
444 525 567 593 proximis
584 522 725 575 censoribus
744 524 811 574 adeo
823 520 905 571 omni·

151 596 198 647 bus
209 602 275 649 notis
287 602 477 668 ignominiisque
494 601 619 653 contestor
632 601 688 663 elle,
704 616 734 653 ut
746 602 851 669 quidam
863 615 905 649 eo·
956 639 957 666 3

149 690 208 729 rum
223 690 329 728 mortem
347 678 391 730 fibi
408 678 453 749 ipfi
471 680 599 749 extemplo
618 680 812 730 constiterint:
831 674 906 727 ceteri
944 719 957 739 .,

150 766 203 804 non
223 753 280 805 soto
300 754 380 807 solum
398 758 466 807 omni
479 756 567 807 deindo
585 757 647 821 vita,
662 756 704 809 sed
716 758 799 825 prope
810 758 905 805 luceae
953 779 958 796 .

148 832 262 901 publico,
276 835 408 885 caruerint.
433 836 523 885 Mirari
534 834 620 900 magis,
636 835 700 886 adeo
709 834 856 903 discrepare
866 834 903 880 in·

148 920 188 959 ter
209 908 331 977 auslores,
347 917 429 979 quim,
447 911 508 977 quid
526 913 580 961 veri
599 912 635 974 stt,
658 910 800 963 discernere
812 922 904 976 queas.

148 992 255 1053 Quanto
265 1000 349 1040 autern
366 991 447 1054 major
463 1008 492 1040 ea
512 990 592 1039 clades
609 989 780 1057 superioribus
792 988 902 1039 cladibus
943 1050 950 1061 ι

146 1066 231 1129 fuerit,
243 1069 284 1119 vel
299 1084 330 1119 ea
340 1085 377 1119 tes
389 1069 481 1119 indicio
495 1070 536 1133 cll,
548 1068 623 1135 quod,
636 1072 680 1135 qui
690 1070 822 1122 sociorum
833 1066 865 1116 ad
876 1080 900 1113 e·

146 1162 189 1197 am
201 1144 267 1195 diem
285 1146 351 1197 firmi
368 1148 490 1210 steterant,
508 1158 561 1194 tum
578 1146 661 1195 labare
678 1146 819 1213 coeperunt,
835 1141 903 1193 nulla

134 1220 259 1293 ‘profesio
270 1222 319 1272 alia
334 1223 365 1273 de
384 1239 417 1286 re,
435 1228 509 1289 quam
521 1223 586 1288 quod
604 1222 800 1289 desperaverant
812 1220 842 1269 de
854 1220 899 1267 irn-

132 1300 226 1369 perio.
262 1298 381 1351 Defecere
390 1312 472 1349 autern
485 1300 516 1350 ad
526 1302 612 1349 Poenos
623 1300 648 1349 hi
659 1301 763 1366 populi:
783 1295 900 1355 Atellani,

147 1380 264 1441 Calatini,
283 1380 391 1447 Hirpini,
417 1378 558 1445 Apulorum
578 1394 642 1445 pars,
669 1366 792 1447 Samnites
812 1365 900 1444 prater
963 1425 965 1430 ,

146 1458 259 1519 Pentros,
279 1454 366 1507 Bruttii
384 1470 479 1517 omnes,
497 1454 602 1503 Lucani.
620 1465 706 1521 praeter
717 1456 764 1504 hos
778 1450 896 1503 Surrenti-

144 1535 180 1595 ni,
199 1532 224 1581 &
243 1534 388 1581 Graecorum
399 1532 479 1581 omnis
494 1529 571 1579 ferme
582 1545 636 1591 ora,
653 1531 799 1593 Tarentini,
817 1532 896 1578 Meta·

144 1611 253 1679 pontini,
271 1608 453 1671 Crotonienses,
470 1609 603 1673 Locrique,
623 1608 648 1656 dr
670 1607 792 1676 Cisalpini
812 1619 896 1657 omnes

145 1688 222 1741 Galli.
257 1690 310 1739 Nee
322 1688 453 1743 tamenhae
465 1686 545 1737 clades
557 1686 755 1753 deseilionesque
769 1688 892 1737 sociorum

143 1779 287 1828 moverunt,
304 1778 332 1818 ut
343 1768 410 1834 pacis
423 1781 531 1831 unquam
545 1765 640 1814 mentio
651 1764 717 1834 apud
727 1768 857 1816 Romanos
868 1760 893 1810 s·
961 1779 962 1786 ¹

143 1860 213 1911 eret;
229 1861 308 1913 neque
317 1856 373 1895 ante
382 1844 489 1895 consulis
502 1846 609 1893 Romam
617 1842 759 1904 adventum,
772 1860 820 1894 nec
829 1839 891 1910 poli·

143 1944 219 1995 quam
231 1928 250 1977 is
267 1922 348 1987 rediit,
367 1922 550 1986 renovavitque
561 1921 706 1986 memoriam
722 1932 834 1989 aeceptae
845 1918 891 1967 cla·

143 2008 190 2057 dis.
209 2004 303 2071 quoin
321 2012 433 2067 tempore
451 1999 507 2070 ipso
523 1996 585 2045 adeo
602 2012 695 2062 magno
706 1999 795 2049 animo
806 1998 893 2048 civitas

142 2086 200 2145 fuit,
217 2093 245 2133 ut
262 2079 365 2141 consuli,
381 2094 415 2130 ex
427 2089 495 2127 tanta
506 2075 583 2139 clade,
601 2076 671 2138 cujus
683 2075 735 2143 ipse
749 2076 823 2127 causa
840 2088 889 2123 rna·

142 2162 211 2215 xima
223 2156 312 2219 suisset,
329 2156 448 2217 redeunti,
466 2156 491 2207 dt
503 2154 605 2204 obviam
624 2154 687 2223 itum
704 2151 888 2222 frequentetad

143 2237 260 2291 omnibus
279 2232 405 2303 ordinibus
423 2232 458 2297 stt,
475 2232 501 2281 ἀ
516 2232 600 2295 gratia
612 2230 678 2292 aslae,
696 2232 762 2297 quod
775 2233 807 2283 de
818 2244 884 2298 repu.
907 2269 908 2272 ,

141 2316 207 2370 blica
218 2328 267 2361 non
279 2306 438 2377 desperdslet:
457 2310 506 2368 cui,
523 2307 540 2355 st
553 2307 795 2371 Karthaginicnssum
804 2307 888 2362 tutor

142 2388 230 2459 suisset,
247 2388 309 2443 nihil
320 2386 481 2441 recusandum
494 2384 608 2457 supplicii
621 2383 695 2454 soret.

717 2714 883 2781 attan
