2000 3709
321 219 494 274 ntnntt
527 221 645 277 XXVII·
798 225 853 285 487

85 303 183 360 tillem
203 306 331 362 devicerat
352 311 424 376 locis,
447 311 588 378 increpans,
602 309 709 382 smilem
728 318 855 360 eventum

94 399 188 454 pugna
200 387 256 440 sore
266 389 411 440 affirmabat.
430 391 520 457 Neque
531 405 559 439 ea
572 386 624 456 spes
636 404 702 439 vana
714 388 773 438 suit.
785 401 855 449 narn,

94 478 177 528 quum
187 466 326 516 comminus
335 469 388 530 acie
397 466 422 516 dr
433 465 544 534 peditum
557 466 692 516 certamine
703 466 776 515 multi
788 463 853 514 ceci·

94 538 188 592 dissent
204 545 385 608 Romanorum,
402 543 491 594 starent
510 553 593 593 tamen
612 542 713 592 ordines
729 541 855 608 lignaque,
953 588 958 597 .

94 619 215 682 equestris
225 625 240 670 a
251 631 323 686 tergo
341 621 470 679 tumultus,
487 619 585 672 simula
600 621 682 670 castris
700 622 795 670 elamor
806 618 855 668 ho·

94 691 158 757 siilis
168 695 277 760 auditus,
294 699 393 748 sextam,
410 700 467 748 ante
477 697 611 760 legionem,
629 710 693 762 qna,
711 699 737 746 in
748 693 856 747 secunda
919 746 921 752 ,

95 770 154 820 acie
173 771 261 839 posita,
280 775 350 842 prior
368 775 401 824 ab
419 773 536 826 Numidis
555 773 655 823 turbata
672 774 705 823 esi
718 775 857 840 pquintam
927 827 935 843 l

95 846 189 898 deinde
206 862 279 916 atque
296 843 408 918 eossqui
427 851 459 901 ad
478 850 559 917 prima
573 847 641 913 signa
652 863 730 915 crant,
748 849 854 900 avertit.

96 924 161 993 sats
180 927 206 992 in
225 925 311 991 sugam
329 927 405 989 esnfi,
422 943 478 994 pars
490 927 517 976 in
528 925 613 975 medio
625 925 692 976 caess:
709 926 754 975 ubi
765 927 791 976 dt
802 925 857 991 ipsc

97 1002 149 1050 Cn.
167 1003 271 1053 Fulvius
290 1020 348 1074 cum
365 1003 484 1060 undecim
499 1003 606 1052 tribunis
623 1004 733 1053 rnilitum
752 1001 855 1054 cecidit.

95 1077 272 1132 Romanorum
284 1080 458 1147 sociorumque
467 1091 531 1147 quot
542 1080 604 1130 casa
616 1081 643 1130 irr
653 1097 686 1132 eo
694 1081 782 1148 proelio
793 1080 853 1129 mil?

95 1156 201 1220 liafint,
219 1159 273 1226 quis
288 1177 334 1226 pro
352 1171 422 1210 certo
438 1159 560 1210 affirmet?
578 1175 655 1226 qutun
666 1159 785 1208 tredecim
796 1157 856 1207 mis-
882 1196 886 1203 .

96 1234 134 1305 lia
152 1235 221 1299 alibi,
245 1237 305 1286 alibi
325 1237 392 1286 baud
412 1238 474 1305 plus,
497 1239 572 1303 quim
592 1237 695 1304 septem,
715 1237 855 1287 inveniam.

99 1313 191 1362 eastris
202 1315 331 1382 praedaque
343 1314 425 1367 vidior
442 1317 546 1384 potitur.
570 1315 739 1379 Herdoneam,
756 1316 817 1380 quia
829 1314 855 1367 dt

98 1387 251 1439 defetiuram
263 1389 334 1440 suisse
353 1390 384 1440 ad
396 1393 527 1441 Romanos
542 1391 673 1456 comperit,
692 1407 738 1440 nec
755 1389 856 1440 mansu

99 1481 157 1544 ram
167 1467 193 1516 in
203 1465 260 1532 fide,
279 1467 295 1518 li
314 1468 370 1518 inde
387 1462 539 1530 abscessisset,
553 1468 712 1518 multitudine
721 1470 791 1535 omni
800 1473 857 1519 Me·

99 1552 236 1610 tapontnm
248 1561 277 1595 ae
287 1545 398 1596 Tliurios
410 1545 529 1607 tradutid,
537 1544 666 1594 incendit:
684 1545 778 1595 occidit
786 1547 855 1614 prin.

99 1622 178 1692 cipes,
190 1624 233 1688 qui
246 1639 302 1676 eum
312 1624 404 1674 Fulvio
416 1624 542 1691 colloquia
553 1623 652 1673 occulta
663 1623 773 1674 habuisse
784 1641 856 1678 com.

99 1701 168 1770 perti
178 1698 246 1772 sunt,
277 1704 394 1767 Romani,
410 1703 452 1769 qui
465 1712 574 1752 extenta
583 1700 653 1752 clade
665 1702 804 1768 evaserant,
816 1705 855 1754 di·

100 1779 177 1830 versis
188 1780 318 1832 itineribus
335 1781 464 1832 semermes
475 1779 508 1833 ad
518 1781 668 1833 Marcellum
685 1780 810 1834 consulem
827 1783 860 1841 tn

43 1889 49 1898 =
100 1861 229 1910 Samnium
240 1861 412 1930 perfugerant.
504 1914 511 1920 ,

136 1941 174 1994 11.
191 1941 333 2003 Marcellus,
351 1939 413 1990 nihil
426 1938 562 1992 admodum
577 1941 645 1992 tanti
661 1943 730 1994 clade
748 1943 860 2011 territus,

100 2017 188 2071 literas
197 2020 304 2069 Romam
316 2017 347 2068 ad
357 2017 467 2068 senatum
479 2016 581 2068 deduce
593 2019 740 2071 &exercitu
751 2021 858 2072 adHer‘·
874 2051 887 2057 -

100 2095 209 2147 doneam
220 2095 308 2146 anullo
319 2095 412 2146 scribit.
431 2097 533 2158 teterrim,
550 2097 638 2147 eundem
648 2095 682 2163 se,
697 2099 733 2165 qai
741 2098 788 2165 post
798 2101 859 2149 Carra

100 2175 186 2240 oensem
193 2183 293 2242 pugnem
302 2173 401 2240 ferocem
412 2173 507 2222 viliarid
517 2173 661 2224 ldcmidalem
676 2175 807 2242 contudiffet,
814 2171 862 2228 ‘ire

101 2251 208 2320 advnfics
220 2268 277 2316 enm,
293 2251 383 2303 brevem
400 2251 432 2301 illi
448 2251 554 2312 letitiam,
570 2253 612 2316 qast
623 2252 720 2318 erfidtet,
731 2254 860 2318 falsarum.

103 2333 137 2384 Et
153 2333 241 2382 Romae
257 2329 358 2396 quidem
376 2343 452 2395 quum
470 2326 549 2380 rufius
566 2326 652 2392 ingens
670 2341 703 2378 ex
719 2332 860 2397 preterito,

103 2419 158 2466 tum
169 2408 281 2462 tintorin
290 2409 402 2464 futurum
415 2414 476 2457 erat.
496 2404 598 2468 Consul,
616 2420 648 2456 ex
658 2407 758 2459 Samnio
767 2410 859 2461 inLu',

98 2501 179 2540 canos
188 2483 354 2552 transgressus,
370 2484 597 2537 adNumilironem
607 2482 776 2552 inconspeslu
785 2489 858 2538 Han·

102 2563 192 2618 nibalis
210 2563 269 2615 loco
286 2564 370 2632 plano,
386 2577 464 2630 quum
481 2565 570 2613 Poenus
587 2561 677 2613 collem
690 2573 792 2630 teneret,
810 2581 859 2632 pov

36 2651 40 2656 '
104 2641 154 2697 suit
164 2641 252 2695 eastra..
284 2641 388 2697 Addidit
405 2641 430 2691 dc
448 2639 524 2692 aliam
541 2639 642 2690 fidentis
657 2640 772 2707 speciem,
788 2641 858 2707 quod

105 2721 174 2790 prior
184 2719 210 2772 in
220 2721 299 2774 aciem
308 2718 405 2772 eduxit.
423 2735 469 2770 nee
478 2717 626 2769 detteiiavit
638 2719 772 2783 Hannibal,
788 2729 817 2768 ut
826 2717 859 2769 fi.

104 2813 154 2866 gna
164 2797 242 2864 portis
254 2795 337 2847 efferri.
346 2797 425 2851 uidit.¹
439 2799 573 2854 statumen
588 2797 667 2846 aciem
679 2796 862 2862 instruxenrnt,

87 2869 92 2876 ”
105 2886 134 2930 ut
146 2875 234 2924 Poenus
245 2872 362 2924 dextrum
378 2887 457 2924 cornu
473 2871 505 2925 in-
514 2871 604 2923 collem
616 2872 730 2936 erigeret,
748 2872 861 2923 Romani

104 2949 224 3014 sinistrum
239 2949 275 3014 ,ad
295 2950 416 3020 oppidum
438 2950 599 3018 applicarent.
635 2950 676 3000 Ab
697 2951 761 3002 bora
783 2949 858 3002 tertia

104 3045 182 3103 quum
198 3027 230 3086 dd
244 3028 342 3086 nonen
359 3044 469 3101 pugnam
486 3027 664 3095 extendissent,
682 3027 793 3098 sessaeqne
809 3043 858 3099 pu·

453 3108 480 3161 X
496 3122 518 3171 4,
751 3107 861 3174 grando
