2000 3709
308 259 332 310 L
350 261 363 310 1
381 260 399 309 B
416 259 437 308 E
457 261 480 309 R
514 261 618 312 xxtlt.
772 264 821 314 281

94 339 204 394 dilium
215 342 247 394 eli
258 346 328 414 apud
340 360 390 411 coe,
407 347 528 406 intulere:
545 357 653 416 purgato
664 343 722 420 inele
733 347 825 416 eapite,

91 432 115 470 ut
128 437 174 472 mos
191 423 221 474 iis
238 423 279 488 eli,
298 425 397 474 calvam
415 441 476 474 auro
489 425 618 476 celavere.
636 425 712 492 idque
728 424 826 475 sacrum

91 515 126 548 vas
139 501 167 550 iis
183 514 243 566 erat,
260 520 313 570 quo
335 504 476 554 solennibus
486 504 607 555 libarent:
624 504 793 573 poculumque
805 502 827 551 i·

87 576 134 627 iem
144 577 261 631 sacerdoti
274 581 332 646 elle,
350 599 379 632 ac
391 583 477 649 templi
489 584 645 634 antistitibus.
668 582 753 634 Praeda
762 595 827 647 quo·

85 671 125 720 que
135 657 197 708 haud
208 662 293 711 minor
306 662 395 731 Gallie,
413 667 490 727 quim
500 661 615 727 vitioria,
631 661 692 712 suit.
712 675 770 711 nam
782 657 828 710 etfi

83 747 161 800 magna
178 753 233 804 pars
250 741 401 790 animalium
417 739 494 805 ssrage
509 740 575 791 liivae
586 740 699 808 opprelia
709 750 771 803 erat,
788 748 827 788 ta·

83 827 132 864 meu
142 827 227 867 ceterae
242 834 290 881 res,
309 821 369 885 quia
386 819 448 868 nihil
466 817 605 886 dillipitum
618 819 678 885 fuge
689 819 731 880 eli,
746 818 828 874 strate

82 903 223 954 peromnem
233 895 345 958 jacentis
357 897 462 960 agminis
474 895 587 946 ordinem
597 898 706 948 inventae
716 895 781 946 sunt.

116 973 197 1021 XXV.
215 975 272 1023 Hac
290 974 411 1024 nunciati
421 972 498 1037 clade,
515 989 655 1041 qmmper
665 973 718 1024 dies
733 972 827 1023 multoe

81 1043 104 1093 in
121 1056 188 1097 tanto
208 1065 311 1118 pavore
331 1049 414 1100 suillet
432 1051 531 1115 civitas,
556 1061 593 1115 ut,
610 1051 718 1102 tabernis
730 1048 826 1112 eiaufie,

80 1123 142 1173 velut
150 1126 271 1179 noiiurni
280 1129 417 1180 solitudine
429 1145 472 1196 per
483 1129 572 1180 urbem
581 1129 642 1193 atti,
659 1127 756 1180 leuatus
766 1127 826 1180 edi·

80 1198 134 1252 libus
144 1207 273 1270 negotium
282 1209 372 1272 daret,
389 1218 417 1256 ut
435 1207 523 1257 urbem
537 1209 705 1268 circumirent,
721 1207 827 1274 aperiri·

80 1293 121 1342 que
132 1283 253 1350 tabernas,
271 1287 299 1337 ἃ
317 1286 437 1336 moellitiae
449 1287 554 1354 publica
570 1287 680 1354 speeiem
691 1286 749 1336 urbi
760 1284 826 1336 demi

77 1353 196 1423 juberent3
213 1374 272 1414 tum
285 1365 332 1414 Ti.
353 1365 513 1430 Sempronius
529 1363 640 1416 senatum
651 1361 748 1426 habuit,
765 1375 826 1412 con·

78 1433 207 1506 solatulque
225 1444 315 1494 Patres
334 1443 376 1506 eli,
399 1443 424 1492 ue
443 1443 598 1506 adhortatus,
617 1460 653 1506 ue,
669 1444 706 1510 qui
723 1440 828 1506 Caueeuss

78 1515 133 1576 ruina
142 1535 182 1568 uua
194 1520 361 1588 succubuuffiut,
378 1521 407 1570 ad
424 1523 517 1572 minares
535 1521 670 1572 calamitates
686 1516 827 1586 auimotsui·

79 1593 189 1647 mitterent.
206 1600 264 1664 quud
274 1600 306 1650 ad
320 1597 513 1666 Karthaginienses
523 1599 589 1664 hostes
599 1598 781 1665 Hannibalemque
791 1605 827 1652 ul·

77 1671 132 1736 tinet,
145 1677 254 1743 prospera
272 1678 336 1728 modi
346 1677 416 1744 usual,
428 1675 485 1740 ficui
494 1679 599 1743 speraret
609 1677 700 1742 futtuo,
716 1675 829 1726 Guttam

81 1745 148 1800 iulium
158 1753 183 1804 (τ
195 1758 272 1806 omitti
284 1759 330 1806 tuti
341 1757 367 1805 te
376 1757 398 1803 di
417 1756 460 1804 arri
468 1753 542 1822 poffe:
553 1755 691 1822 ultionemque
702 1770 749 1806 eam
755 1756 828 1820 freu-

78 1825 137 1878 iisia
148 1825 247 1882 Deorum
265 1850 292 1884 aa
307 1833 384 1900 popuii
402 1833 495 1883 &mauu
513 1833 686 1900 patestatefm.
721 1835 760 1882 De
771 1831 827 1895 iuste

79 1906 136 1956 Plau
145 1913 322 1980 exercitibusque,
336 1925 380 1979 per
389 1912 473 1980 quatit
486 1911 562 1962 iulium
569 1921 692 1979 gereretur,
709 1912 827 1978 cunstitu-

79 1983 122 2032 lum
132 1995 194 2054 utque
205 1991 345 2059 agitandum.
380 1991 435 2058 lpse
457 1991 574 2058 primum,
590 1989 650 2055 quid
671 1988 783 2056 peditum
800 2002 827 2038 e·

79 2064 228 2133 quitumque,
246 2069 310 2136 quid
330 2069 434 2134 civium,
451 2067 512 2134 quid
529 2068 654 2118 socionun
671 2069 699 2118 in
712 2066 826 2118 exercitu

80 2140 130 2192 ellet
139 2144 277 2213 distatorls,
290 2147 408 2198 disseruit.
444 2150 516 2197 Turn
527 2147 659 2197 Marcellus
671 2146 770 2198 suarum
781 2161 827 2197 eo·

79 2221 167 2284 piarum
184 2227 312 2278 summam
327 2227 456 2294 exposuit.
492 2224 561 2288 Quid
580 2226 607 2275 in
620 2225 711 2294 Apulia
722 2241 781 2276 cum
794 2228 825 2278 C.
914 2252 919 2258 ·

80 2301 194 2354 Terentio
206 2305 311 2358 consule
320 2304 386 2368 effet,
402 2311 417 2354 i
427 2304 511 2373 peritis
519 2304 646 2370 quaesltum
654 2306 698 2356 eli.
714 2319 769 2367 nee,
779 2321 826 2356 un·

82 2375 107 2426 de
121 2383 259 2435 consulares
277 2385 401 2446 exereitus
418 2383 476 2434 satie
495 2381 561 2433 firmi
577 2382 609 2433 ad
624 2374 720 2436 tautum
732 2384 826 2435 bellum

82 2455 236 2527 efficerentur,
245 2463 358 2517 inibatur
365 2463 440 2511 ratio.
459 2461 543 2526 itaque
558 2461 675 2522 Galliam,
682 2475 827 2527 quanquam

83 2531 214 2590 stimulabat
224 2540 289 2604 julla
302 2540 349 2600 ira,
365 2538 447 2588 omitti
460 2553 490 2589 eo
507 2552 574 2588 anno
584 2538 687 2606 placuit.
721 2538 826 2588 Exerci-

82 2619 116 2660 tus
122 2612 245 2672 diiiatorls
258 2615 353 2668 consuli
365 2617 478 2666 decretus
490 2615 532 2664 ell.
540 2619 578 2668 De
585 2617 826 2682 exereituMarcelli,

83 2691 119 2754 qui
127 2708 252 2746 eorumex
262 2696 321 2760 iuga
330 2695 449 2749 cannensi
457 2695 540 2760 essent,
549 2698 574 2747 in
581 2697 688 2748 siciliam
695 2712 738 2748 eos
745 2695 828 2748 tradu-

83 2770 187 2838 ciatque
194 2775 230 2826 ibi
239 2775 355 2838 militare,
362 2773 441 2824 donee
448 2777 474 2824 in
484 2776 557 2826 Italia
566 2776 659 2828 bellum
668 2775 734 2840 eliel,
743 2776 828 2842 placu-

83 2846 108 2896 it.
117 2851 201 2902 eodem
210 2869 244 2903 ex
253 2851 378 2904 uitiatoris
387 2853 527 2917 legionibus
536 2855 606 2918 rejici
613 2855 720 2906 militem
726 2851 827 2902 minimi

85 2941 198 2996 quemque
207 2933 314 2995 roboris,
324 2930 392 2981 iulio
401 2931 536 2998 praestituto
544 2935 638 2985 militia
647 2945 769 2998 tempore,
781 2926 827 2978 nili

83 3007 120 3069 qui
127 3008 299 3076 stipendiorum
307 3009 475 3075 legitimorum
485 3012 550 3062 elice.
561 3016 623 3062 Duae
632 3011 743 3074 legiones
752 3007 827 3060 urba·

84 3097 117 3140 ez
125 3087 191 3142 alteri
199 3087 303 3200 consuit,
315 3090 357 3158 qui
366 3085 485 3146 inlocum
496 3094 529 3146 1..
539 3089 658 3147 Postumii
667 3085 825 3217 suffetius&
