2000 3709
151 223 202 296 add
410 221 447 276 Τ.
481 221 536 276 LI
553 225 580 275 V
593 221 640 275 11

148 311 249 378 nando
260 309 347 384 prima
357 315 423 366 a'cies
434 314 519 380 esseut,
530 315 565 366 ab
575 314 697 366 Romanis
708 314 786 384 prirna
796 313 868 381 legio
878 309 909 368 ἄ

148 391 251 444 dextera
262 395 310 458 ela,
326 394 359 445 ab
377 394 516 444 Hannibale
529 393 633 461 Hispani
645 395 738 444 militer
753 396 779 446 dt
790 394 908 446 funditor
973 380 982 394 ⁸

149 473 258 536 Baliaris,
274 473 399 542 elephanti
417 487 527 540 quoquc,
553 471 685 523 commisso
699 473 755 537 jam
771 473 910 524 certamine

85 589 89 596 .
149 552 176 604 iu
194 551 307 620 pralium
325 549 382 601 atti.
416 552 468 602 Diu
485 565 572 618 pugna
585 554 676 600 neutrb
693 551 813 607 inclinata
829 551 909 602 stetit.

148 629 237 682 Prima
247 628 340 694 legioni
352 630 434 694 tertia,
450 627 560 679 dextera
573 628 619 679 alc
633 627 727 680 finilira
738 629 824 694 subiit,
841 629 869 680 dc
879 643 909 680 a·

149 707 201 778 pud
222 707 302 760 holics
319 707 410 774 integri
421 711 436 758 d
446 705 509 758 sedis
520 721 631 775 pugnam
641 721 768 776 accepere.
798 710 908 760 tuorum

148 797 225 854 atquc
236 797 312 840 atrox
324 787 438 854 prelium
450 799 483 838 cx
494 797 546 837 tam
558 785 627 851 segni
637 789 740 855 repente
749 784 853 851 exarsit,
869 799 910 836 rc·

147 865 263 916 tentibus
274 865 365 918 animis
374 863 586 933 corporibusque:
598 862 640 913 sed
651 875 706 914 nox
717 864 814 915 incerti
824 861 912 914 vido·

147 944 185 996 rii
197 943 297 996 diremit
308 957 455 1014 pugnanter.
473 943 574 996 Postero
584 943 626 995 die
637 942 747 994 Romani
757 942 791 995 ab
802 941 856 994 sole
867 957 910 996 uth
987 952 988 959 ’

147 1031 175 1074 to
187 1023 213 1072 in
224 1023 331 1076 multum
348 1022 398 1074 dici
410 1023 496 1074 lietcre
513 1022 541 1073 in
556 1022 628 1072 acies
645 1019 691 1071 ubi
707 1035 783 1071 nemo
796 1019 908 1072 bostium

146 1099 265 1150 adversus
281 1101 385 1170 prodiit,
401 1101 482 1170 spolia
499 1116 545 1169 per
561 1101 644 1152 otium
658 1099 750 1164 legere,
768 1098 795 1150 dc
812 1112 909 1165 conge·

146 1179 196 1234 lior
207 1179 233 1229 in
245 1193 323 1230 unum
332 1179 418 1231 iocum
428 1193 573 1231 cremavere
583 1178 652 1229 sune.
675 1176 759 1228 Hodie
772 1175 909 1243 insequen-¹

148 1261 169 1312 ti
180 1259 306 1311 Hannibal
317 1259 412 1311 silentio
424 1259 510 1311 movit
520 1259 606 1322 casira,
617 1258 643 1308 dc
655 1256 682 1326 in
694 1255 817 1325 Apuliam
827 1255 909 1308 abiitt
987 1294 988 1299 η

148 1339 291 1404 Marcellus,
301 1339 345 1391 ubi
356 1339 401 1390 lux
412 1337 499 1405 fugant
510 1337 618 1388 nostium
629 1337 737 1406 aperuit,
746 1334 838 1386 sauciis
848 1349 910 1386 cum
987 1396 988 1401 ¹

148 1417 261 1488 praesrdio
273 1417 375 1470 modico
386 1417 548 1468 Numistrone
558 1415 656 1480 relictis,
673 1413 858 1483 praepofitoquc
870 1412 910 1463 nia

61 1525 66 1534 ·
149 1499 181 1548 L.
195 1496 272 1548 Furio
286 1498 444 1563 Purpureone
451 1496 554 1547 tribuno
561 1495 679 1557 militum,
696 1492 807 1557 vestigiis
818 1491 911 1543 institit

148 1573 228 1642 sequi.
263 1574 304 1625 nd
316 1573 449 1632 Venusiam
465 1573 569 1642 adeptus
586 1587 645 1622 eum
663 1571 706 1640 cll.
741 1569 782 1620 Ibi
795 1569 910 1638 perdica

143 1651 246 1716 ‘aliquot
264 1666 341 1718 quum
358 1649 390 1701 ab
407 1649 552 1700 stationibus
572 1647 767 1718 procursaretur,
784 1648 868 1698 mixta
879 1661 908 1696 e·

150 1727 251 1794 quirum
272 1726 434 1794 peditumque
452 1724 606 1776 tumultuosa
624 1724 703 1788 magis
716 1722 812 1790 proelia,
829 1728 909 1790 quim

147 1819 248 1869 magna,
260 1805 286 1855 dc
297 1804 375 1855 scrme
385 1805 471 1854 omnia
483 1804 604 1854 Romanis
616 1800 722 1852 secunda
733 1799 847 1850 suerunt.
862 1802 908 1849 Iu·

80 1877 84 1885 ¹
148 1883 179 1935 de
191 1899 236 1952 per
254 1885 371 1951 Apuliam
387 1882 454 1933 dudi
472 1883 597 1932 exercitus
615 1881 664 1930 fine
675 1881 727 1930 ullo
738 1878 907 1933 memorando

147 1961 297 2021 certamine;
316 1975 393 2028 quum
410 1960 536 2011 Hannibal
552 1957 624 2010 noste
644 1959 712 2024 signa
723 1966 848 2022 moveret,
865 1957 906 2008 lo·

149 2053 207 2090 curn
228 2037 320 2090 insidiis
340 2054 450 2106 quarens
460 2057 467 2102 ;
484 2037 626 2103 Marcellus,
643 2036 689 2092 nin
708 2035 778 2088 certi
797 2035 863 2101 luce,
879 2033 907 2089 δι

148 2118 284 2185 explorato
298 2123 362 2179 anti,
380 2134 431 2168 non
446 2118 596 2184 sequeretur.

182 2197 232 2244 111.
253 2199 343 2266 Capua
359 2197 460 2249 interim
479 2196 581 2246 Flaccus
598 2193 659 2245 dum
675 2193 749 2244 bonis
761 2193 907 2261 principum

146 2275 292 2337 vendendis,
311 2293 381 2342 agro,
401 2279 443 2342 qui
464 2276 605 2342 publicatus
622 2273 711 2333 suerat,
728 2270 836 2322 locando
853 2272 905 2333 (lo-

148 2351 218 2402 cavit
229 2364 313 2402 autern
325 2368 425 2402 omnem
437 2353 577 2416 frumento)
591 2363 689 2418 tempus
700 2349 772 2408 terit;
788 2363 820 2396 nc
831 2345 903 2398 dces·

148 2427 185 2480 set
196 2430 299 2478 materia
317 2431 341 2480 in
358 2423 496 2499 Campatius
508 2427 634 2491 saeviendi,
651 2442 749 2477 novum
760 2421 788 2475 iu
799 2425 905 2477 occulto

148 2503 252 2572 gliscens
265 2521 309 2572 per
319 2505 439 2557 indicium
454 2505 609 2576 protrabunt
619 2505 653 2554 eli
664 2505 772 2554 facinus.
807 2503 907 2553 Milites

148 2583 259 2635 adificiis
270 2596 376 2648 emotus,
394 2584 465 2636 sunul
476 2595 505 2634 ut
516 2601 572 2634 cum
583 2597 645 2648 agro
663 2581 726 2631 tesia
738 2580 809 2632 urbis
819 2579 908 2632 sruen·

149 2661 181 2712 da
193 2663 344 2726 locarentur,
352 2663 422 2712 fimul
434 2673 555 2726 metuens,
564 2677 595 2711 ne
606 2660 677 2710 suum
692 2673 797 2725 quoque
806 2659 907 2708 exerci-

148 2749 211 2800 tum,
229 2737 290 2789 sicut
303 2739 457 2803 Hannibalis,
475 2739 551 2787 nimia
567 2737 637 2786 urbis
650 2735 780 2802 amoenitas
805 2735 908 2784 emolli.

95 2875 103 2888 .
148 2827 192 2880 tet,
213 2818 239 2866 ln
256 2817 333 2886 portis
351 2817 476 2882 murisque
487 2815 584 2866 sibimet
600 2812 667 2881 ipsos
685 2812 749 2862 teiia
761 2813 907 2866 militariter

149 2897 263 2956 coiigerat
275 2891 403 2942 aedificare.
423 2903 493 2942 erant
510 2904 594 2942 autem
612 2892 732 2958 pleraque
748 2903 782 2938 cx
794 2889 908 2940 cratibus

146 2973 191 3018 aut
202 2969 292 3016 tab'ulis
303 2969 375 3031 saeta,
393 2969 441 3018 alia
457 2969 578 3018 arundine
590 2978 669 3030 texta,
686 2967 821 3017 stramento
837 2966 905 3015 inte·

145 3040 185 3092 dia
201 3043 293 3108 omnia,
310 3044 381 3094 velut
397 3043 429 3096 de
446 3043 572 3112 industria,
589 3044 714 3096 alimentis
730 3043 806 3110 ignis.
838 3045 904 3096 Haec

817 3117 901 3178 cotta
