2000 3709
265 256 619 334 ιι-ιιιιιιιιιιιι.
783 283 839 342 m
888 244 892 254 ⁴

100 339 178 416 tloutm
187 355 362 439 sociorumque
375 359 469 419 occisis.
505 372 614 417 ceterum
622 366 759 419 sideribus
774 366 838 417 effu·

98 436 273 509 insequentibus
285 458 356 496 metu
368 444 512 495 insidiarum
524 444 618 495 obstitit
626 447 723 497 Paullus
735 444 840 505 consul.

96 522 157 585 cujus
166 539 197 573 co
208 525 249 573 die
260 526 330 587 (nam
347 526 450 573 alternis
468 522 676 589 impmitabantl'
669 524 801 591 imperium
812 538 840 571 e·

92 612 132 664 rat,
150 607 261 653 Varrone
273 602 423 668 indignante
441 618 470 651 ac
489 602 651 667 vociferante,
669 602 780 653 emissum
792 604 840 654 ho-

90 678 142 727 licm
157 684 170 728 ὲ
187 682 317 742 manibus3
323 681 514 745 debellarique,
532 680 564 728 ιιι
575 678 690 730 cessatum
702 681 776 746 soret,
793 695 841 769 po·

89 748 163 807 tuille.
180 759 308 807 Hannibal
320 758 349 807 id
361 758 480 807 damnum
493 756 558 805 baud
567 756 691 820 egerrime
699 757 760 824 pati,
778 759 841 821 quin

87 835 279 899 potiuscredere,
293 838 368 886 velut
382 833 519 885 inescatam
535 836 699 885 temeritatem
710 834 848 887 ferocioris

88 910 187 961 consulis
204 930 233 962 ac
246 928 381 964 novorum
396 913 507 961 maxime
518 910 625 975 militum
642 909 698 959 else.
717 912 742 961 de
754 912 840 961 omnia

88 987 108 1035 ei
120 988 231 1055 bostium,
249 992 321 1052 haud
334 994 403 1040 secus
415 995 489 1055 quum
500 988 551 1049 sua,
569 1000 630 1038 nota
638 1000 721 1039 erant:
740 988 841 1040 diiiimi·

87 1066 118 1115 les
134 1065 312 1135 discordesque
334 1070 486 1136 imperitare,
495 1066 565 1116 ‘duas
582 1070 661 1133 prope
678 1077 758 1134 partes
777 1069 841 1117 tiro·
891 1122 895 1128 ,

88 1156 148 1193 trum
153 1148 282 1197 militum'
275 1164 304 1199 ιιι
317 1148 433 1203 exercitu
445 1146 499 1195 effe
535 1149 633 1210 ltaque,
647 1146 729 1197 locum
742 1146 767 1195 de
776 1159 842 1201 tent·

88 1231 128 1295 pus
138 1209 229 1275 insidiis
247 1238 340 1295 aptum
353 1227 378 1276 se
390 1226 483 1275 babere
492 1233 567 1287 ratus,
585 1222 657 1273 noste
674 1226 826 1291 proximi
801 1242 841 1275 nr-

87 1298 118 1346 bil
128 1314 216 1365 prater
234 1320 309 1356 arma
324 1304 435 1354 serentes
448 1302 531 1351 seeum
546 1301 637 1350 milites
647 1300 747 1362 ducens,
766 1302 853 1357 calita*

87 1373 153 1441 plena
172 1380 257 1429 omnis
279 1380 391 1433 sottunae
407 1379 514 1447 publicae
530 1379 686 1443 privaraeque
707 1377 843 1441 relinquit;

87 1452 197 1519 transque
210 1460 350 1523 proximos
360 1467 458 1506 montes
469 1455 531 1504 lars
543 1455 637 1518 pedites
646 1452 774 1502 instructos
782 1469 845 1503 con·

90 1526 130 1593 dit,
146 1532 237 1583 dextri
247 1538 357 1603 equites,
375 1533 551 1601 impedimenta
563 1548 607 1600 per
624 1532 774 1595 convallem,
790 1546 845 1582 me·

89 1605 153 1657 dium
161 1626 263 1677 agmen,
277 1613 405 1664 traducit:
423 1621 451 1661 ut
463 1609 607 1677 diripiendis
615 1608 686 1658 velut
694 1607 794 1659 desertis
802 1608 845 1659 fr·

90 1686 117 1749 gl
133 1687 300 1742 dominorum
317 1692 400 1741 castris
416 1698 566 1755 occupatum
585 1687 781 1755 impeditumque
793 1689 843 1738 ho·

92 1762 144 1815 tem
153 1771 323 1837 opprimeret.
360 1768 446 1818 Crebri
458 1765 537 1817 relidi
547 1783 575 1816 ιιι
586 1766 667 1815 castris
678 1767 754 1831 ignes,
772 1776 800 1816 ut
811 1765 844 1815 fi·

91 1840 216 1912 desseret,
235 1846 364 1915 dnmipse
381 1848 480 1912 longius
496 1846 602 1913 spatium
613 1844 673 1910 fugs
690 1846 845 1912 praeciperet,

91 1920 162 1973 {alst
156 1930 273 1993 magiae
281 1928 417 2003 castrorum
428 1924 498 1989 (ficut
508 1924 613 1975 Fabium
623 1927 705 1991 priore
714 1925 781 1974 ann'o
788 1920 847 1985 stuf
936 1920 943 1945 ⁸

93 2001 172 2057 litatus
184 2007 254 2077 esset)
273 2018 359 2059 tenere
370 1997 396 2057 ἰιι
408 2006 469 2055 locis
481 2003 593 2056 consules
603 2001 718 2053 uoluisse.

123 2086 206 2135 XLII.
223 2087 277 2137 Ubi
294 2085 387 2149 illuxit,
404 2082 526 2134 subduslae
540 2085 620 2151 primo
632 2082 756 2142 stationes,
772 2076 844 2130 dein·

96 2160 126 2211 de
134 2166 236 2231 proprus
254 2164 405 2215 adeuntibus
418 2161 544 2230 insolitqm
561 2160 683 2209 filentium
699 2158 845 2210 admiratio·

95 2241 227 2295 ttcmsecit.
264 2246 323 2309 Jam
341 2241 398 2293 satis
415 2240 542 2308 comperti
560 2238 725 2303 solitudine,
713 2254 744 2289 ιιι
761 2239 848 2293 castris

94 2322 223 2373 concursus
241 2321 272 2373 fit
288 2320 319 2371 'ad
336 2322 450 2387 pretoria
465 2316 603 2378 consulum,
619 2318 792 2367 nunciantium
803 2318 845 2368 su-

84 2409 155 2460 gam
165 2402 277 2453 bostium
295 2402 358 2451 adeo
377 2398 509 2467 trepidam,
524 2406 561 2457 ut,
578 2397 743 2447 tabernaculis
759 2396 845 2449 slanti-

94 2472 145 2547 ιιι,
161 2480 239 2535 casira
258 2476 417 2545 reliquerint.
435 2474 536 2541 quique
554 2472 614 2538 suga
629 2472 760 2526 obscurior
776 2471 855 2544 esset,

98 2542 191 2607 crebros
210 2557 289 2606 etiam
301 2552 422 2605 relidos
416 2568 492 2617 ignes
529 2551 630 2603 Clamor
636 2550 703 2603 inde
721 2563 796 2619 ortus,
814 2564 852 2614 ut

97 2627 159 2693 tigna
169 2632 279 2701 proferri
292 2630 417 2696 juberent,
435 2626 602 2694 ducerentque
618 2628 650 2678 ad
662 2629 855 2697 persequendos

96 2708 181 2778 hodes,
198 2728 229 2764 ac
245 2713 362 2779 protinus
373 2708 450 2759 castra
460 2706 607 2774 diripienda.
642 2711 676 2763 Et
686 2713 771 2779 consul
782 2712 858 2763 alterv

98 2785 166 2839 Velut
179 2794 245 2840 unus
260 2789 338 2843 turba
349 2784 461 2838 militaris
476 2795 537 2835 erat.
571 2785 668 2838 Paullus
681 2790 758 2839 etism
770 2796 857 2854 atqua

98 2864 170 2918 etiarn
179 2870 271 2931 dicere,
281 2860 465 2935 prouidendum
468 2864 712 2933 praecavendumque
722 2866 779 2916 elle.
797 2863 846 2932 p'o-

98 2942 193 3011 l'bemb,
206 2958 290 3013 quum
298 2944 368 2994 aliter
380 2956 459 3019 neque
470 2941 614 2993 seditionem
623 2959 703 3010 neque
712 2943 801 2993 ducem
809 2940 846 2992 se·

101 3020 198 3076 titionis
210 3022 327 3075 sustinere
342 3013 428 3090 pollet,
445 3021 556 3079 Marium
572 3022 694 3071 Statilium
703 3018 855 3101 presel'tum

100 3112 156 3161 ιιι
166 3114 255 3199 otrus
266 3105 371 3159 Lucana
385 3100 543 3221 exploratum
559 3100 648 3157 mittit.
665 3101 718 3169 qul,-
733 3102 777 3163 ubi
780 3096 857 3151 'ande

402 3220 406 3227 -
761 3178 844 3246 quito
