2000 3709
152 245 184 295 92
412 235 449 285 Τ.
484 231 642 286 lett

149 323 322 390 tantaeupido
334 333 389 374 erut
397 318 443 375 sub
455 340 485 374 eo
495 325 558 374 duee
567 323 686 391 stipendia
697 323 818 374 faciendi.
846 325 912 390 Qu&

150 400 312 452 circumfusus
330 402 410 465 turbu,
437 399 537 468 Qaluor
553 401 629 466 millia,
647 404 737 468 inquit,
752 403 856 469 peditum
878 404 911 452 ό·

142 475 255 540 fluentes
266 481 347 546 equites
355 475 459 528 inluxit
472 481 568 545 scribere
579 481 602 528 in
613 481 683 528 animo
695 479 743 542 est:
759 479 861 527 hodierno
878 479 909 527 (τ

144 554 239 618 erastino
250 557 285 605 die
295 559 330 624 qni
340 557 426 606 nomina
436 555 546 618 dederitis,
562 572 646 605 mecum
657 557 741 605 duceni.
758 558 844 620 mojori
850 555 910 605 mibi

144 644 204 680 'cure
213 633 251 696 esi,
267 643 292 684 ut
307 650 379 684 omnes
395 633 507 698 locupletes
520 634 629 697 reducem,
645 635 713 700 quim
727 641 755 682 ut'
767 632 844 683 multis
858 649 909 681 rem

146 725 226 776 geram
238 711 348 760 militibus.
384 709 510 761 Proteum
522 721 582 777 apto
594 712 715 773 exercitu,
728 711 754 760 8<
764 727 797 762 eo
810 709 907 777 plusti-

145 787 229 838 duciae
240 803 268 837 ae
281 788 331 856 spei
349 800 455 852 gerente,
473 788 540 853 quod
551 805 602 838 non
617 787 749 837 desiderata
765 787 909 838 multitudo

150 875 212 928 erat,
238 865 268 914 ad
281 865 402 932 oppidum
415 867 550 926 Aharnam,
567 865 710 914 undehaud
723 865 812 932 procul
825 865 908 914 hostes

149 951 228 1001 erant,
244 943 276 992 ad
295 941 369 991 castra
391 927 467 1008 Appii
481 941 596 1007 praetoris
613 943 703 1009 pergit.
733 943 819 1007 paucis
839 944 906 991 citro

52 1019 57 1024 “
149 1018 258 1069 millibus
267 1019 433 1080 lignatores
412 1035 434 1068 er
445 1033 501 1068 cum
516 1017 627 1086 praesrdio
642 1030 785 1082 occurrunt,
803 1021 856 1085 qui,
875 1029 905 1068 ut

148 1093 247 1146 littores
259 1095 377 1164 praegredi
395 1095 520 1159 viderunt,
537 1096 690 1162 Fabiumque
707 1095 754 1146 effe
771 1097 903 1146 consulein

143 1185 274 1238 'accepero
291 1173 340 1222 laeti
357 1182 431 1238 utque
443 1173 534 1222 alacres
546 1174 601 1221 Diis
618 1173 763 1240 populoque
783 1177 904 1222 Romano

143 1259 231 1312 *grates
249 1261 332 1314 agunt,
358 1250 423 1315 quod
444 1265 506 1299 eum·
519 1251 562 1299 srbi
580 1253 754 1316 imperatorem
774 1249 902 1299 mifrffent.

143 1325 401 1378 ²circumfus1deinde
418 1343 494 1393 quum
511 1328 636 1377 consulem
654 1327 794 1389 salutarent,
806 1326 905 1393 ‘quierit
975 1356 979 1360 Α

139 1401 248 1456 ‘fabius
256 1409 306 1470 quo
317 1416 446 1472 pergerent
455 1404 733 1472 frespondentibusque‚
741 1405 863 1468 lignatum
876 1404 902 1454 se

143 1479 193 1542 ¹ire,
209 1483 257 1532 ain'
273 1483 366 1545 tandem,
380 1484 473 1548 inquit,
490 1500 542 1531 num
561 1482 630 1544 eastra
648 1481 734 1530 vallata
744 1496 786 1531 non
796 1481 904 1532 habetest

141 1555 190 1606 'Ad
202 1557 251 1606 hoc
260 1574 336 1622 quum
347 1559 522 1609 sueciamatum
534 1558 592 1608 elset
599 1577 606 1620 ς
623 1558 716 1625 duplici
731 1559 834 1624 quidem
845 1559 902 1608 val·

120 1630 123 1640 ’
147 1633 183 1694 lo,
200 1635 310 1697 defossi,
328 1635 447 1685 &tamen
464 1639 490 1686 in
502 1637 598 1701 ingenti
615 1647 684 1684 metu
695 1635 759 1684 etl'e:
778 1635 863 1686 boletis
877 1637 900 1686 i-

143 1711 214 1778 gitur,
231 1710 320 1778 inquit,
338 1713 546 1780 affatimlignom
570 1713 645 1773 reniti,
662 1713 690 1762 de
709 1713 786 1762 vellite
802 1713 900 1762 vitam.

144 1785 264 1838 Redeunt
281 1789 307 1837 in
319 1791 402 1854 castra,
420 1799 589 1854 terroremque
598 1789 642 1852 tbi,
659 1788 777 1838 vellentes
794 1790 901 1852 vallum,

148 1865 174 1916 dt
186 1865 225 1928 iis,
237 1866 280 1932 qui
292 1869 317 1916 in
330 1867 410 1918 castris
425 1867 599 1930 remanserant,
608 1867 736 1927 militibus,
754 1867 779 1915 ἃ
791 1867 835 1934 ipfi
846 1872 901 1934 Ap-

144 1944 192 2012 ¹fiio
212 1944 331 1994 iecerunt.
367 1949 437 1994 Tum
451 1959 498 2012 pro
511 1944 539 1994 se
555 1944 660 2010 quisque
674 1944 717 1992 aiii
736 1944 790 1993 aliis
806 1945 900 2008 dicere,

143 2022 235 2088 *consitiis
239 2024 266 2089 se
277 2023 310 2089 Q.
326 2023 391 2073 Fabii·
404 2020 481 2087 suem
488 2025 515 2091 ju
530 2042 552 2072 ιι.
587 2021 754 2073 Postero-inde
766 2023 806 2072 die
823 2025 902 2073 castra

123 2101 225 2164 ‘'mota,
243 2101 267 2148 dt
281 2102 377 2168 Appius
394 2111 485 2168 praetor
496 2098 604 2150 Romam'
621 2099 738 2150 dimiilus.
764 2101 823 2150 inde
840 2099 901 2150 nul·

147 2174 325 2242 quam'liativa
337 2179 455 2229 Romanis
473 2177 551 2228 litere.
578 2177 685 2241 negabat
696 2177 758 2226 utile
773 2177 828 2242 elle,
845 2194 901 2228 uno

141 2254 204 2304 'loco
221 2253 302 2303 sedere
320 2255 470 2304 exercitum:
489 2255 618 2304 itineribus
629 2271 659 2304 ac
670 2256 811 2305 mutatione
827 2256 901 2322 loeo·

147 2345 203 2380 rum
213 2331 361 2381 nobiliorem
373 2347 402 2380 ac
417 2330 578 2381 salubriorem
587 2331 642 2380 elle.
661 2330 754 2381 fiebant
762 2343 848 2381 autem
858 2333 901 2382 itr-

146 2425 214 2470 nera,
230 2421 322 2474 quanta
334 2408 387 2459 fieri
399 2409 491 2459 sinebat
503 2410 579 2458 hiems
591 2408 717 2458 hauddum
729 2409 825 2459 cratia.
845 2415 898 2459 Ve-

142 2493 174 2538 're
194 2487 251 2537 Inde
269 2490 359 2555 primo,
385 2487 467 2537 retine
485 2487 588 2554 secundi
607 2487 705 2549 legione
726 2487 757 2536 ad
779 2488 898 2552 Clutium,

144 2562 214 2629 ¹quod
226 2565 323 2614 Camars
333 2565 393 2614 olim
402 2563 567 2632 appellabant,
584 2562 763 2629 praepositoque
773 2565 854 2614 callris
865 2566 897 2614 L.

143 2639 262 2706 Scipione
272 2651 431 2710 propraetore,
449 2643 554 2690 Romam
564 2639 614 2707 ipse
625 2639 656 2688 ad
667 2641 856 2691 consultandum
866 2642 899 2692 de
925 2638 930 2647 ’

142 2717 213 2768 'bello
225 2717 313 2770 rediit:
334 2720 384 2768 five
397 2719 448 2786 ipse
459 2718 548 2786 sponte
564 2718 614 2779 sul,
632 2719 690 2783 quia
701 2719 793 2767 bellum
809 2722 832 2768 ei
842 2735 897 2768 ma-

143 2797 223 2863 jus'in
240 2794 369 2864 conspeiiu
379 2808 438 2860 erat,
455 2801 529 2860 quim
538 2807 658 2860 quantum
673 2793 720 2842 elle
735 2795 897 2845 samaecredi·

147 2877 231 2936 derat;
249 2879 299 2924 five
312 2874 521 2925 senatusconsulto
532 2875 633 2922 accitus
651 2888 707 2921 nam
723 2874 753 2923 in
762 2884 898 2939 utrumque

143 2951 257 3004 &tutiores
270 2952 335 3001 sunt.
354 2953 394 3002 nh
408 2955 463 3019 Ap.
457 2941 575 3000 Claudid
587 2960 690 3015 praetore
699 2950 830 2999 reteaiium
840 2953 896 3031 qui.—

143 3029 205 3086 dam
214 3028 295 3083 viden
306 3029 409 3093 volunt3
428 3043 504 3100 quum
521 3042 548 3077 ιιι
557 3025 687 3078 senatu&
697 3025 764 3094 apud
773 3016 897 3163 pepulit:

141 3113 149 3142 ι
179 3105 209 3142 ,t
870 3116 878 3146 1
