2000 3709
160 226 213 271 m
390 255 393 261 -
421 219 458 271 Τ.
493 220 518 272 L
533 224 549 273 Ι
565 224 623 274 vt
638 224 652 274 1

159 304 251 358 viiiori
260 306 322 361 hosti
331 308 433 361 obriirm
441 312 551 363 eundum
560 312 607 363 csse
616 316 699 364 Patres
709 315 850 365 censerent.
862 317 920 365 Dc»
983 299 984 324 ³

158 384 264 451 cretum,
276 397 299 439 ut
309 389 335 439 ab
346 393 386 441 Gn.
398 392 492 441 Servilio
500 394 581 458 consule
591 396 707 445 exercitior
717 397 826 462 acciperet
834 414 844 445 .·
852 398 917 463 [τήν

157 463 218 515 beret
225 477 329 533 praterea
340 486 366 519 cx
378 469 463 519 civibus
468 472 578 537 svcsffsma
596 483 699 539 quarem
708 473 802 539 equitum
811 490 839 522 ac
846 474 917 540 pedi·

156 554 205 599 tum
216 547 346 597 videretur.-
361 558 433 598 cetera
444 550 515 601 omnia
525 559 602 615 ageret
605 552 740 617 faceretque,
757 561 782 600 ut
792 558 805 601 ὲ
815 544 917 618 repulsi·

116 648 123 657 ·
155 638 184 673 ra
195 622 289 673 duceret.
319 624 409 675 Fabius
420 624 481 675 duas
492 625 517 675 se
528 627 637 691 legiones
647 627 800 693 adjesiurum
812 628 844 679 ad
858 632 916 679 Ser-

126 764 130 770 ,
156 703 279 753 vitianum
291 705 429 753 exercitum
440 702 515 755 dixit.
532 705 578 769 hir,
587 721 631 773 per
640 707 783 772 magistrum
795 707 915 773 equitum

150 776 262 845 scriptis,
280 780 363 831 Tibur
373 780 440 833 diem
452 780 483 831 ad
494 783 694 835 conveniendum
705 784 793 834 edixit.
817 782 915 835 edisio·

155 872 205 923 quc
217 857 352 927 proposito,
369 871 405 923 ut,
423 860 512 926 quibos
529 862 622 929 oppida
632 862 777 929 castellaqge
788 862 913 928 immuni-

153 944 182 983 ta
194 931 277 999 essent,
289 938 327 986 uti
337 937 363 987 in
375 937 431 987 loca
442 948 495 987 tuta
507 938 699 1003 commigrarent
704 957 716 1001 ⁴,
728 954 760 991 ex
768 938 835 1004 agris
845 954 913 1003 quo·

153 1026 204 1080 que
217 1012 383 1079 demigrarent
394 1030 479 1065 omnes
490 1016 599 1080 regionis
609 1016 670 1084 ejus,
687 1018 736 1082 qul
746 1018 827 1067 iturus
838 1019 913 1068 Hau·

152 1092 224 1145 nibal
235 1092 307 1143 esset:
324 1092 392 1145 tetus
404 1096 471 1161 prius
488 1093 589 1145 incensis
605 1112 635 1145 ac
649 1095 761 1161 frugibus
773 1095 911 1161 corruptis,

148 1188 186 1225 ne
203 1173 272 1237 cujus
283 1173 320 1223 rei
337 1174 410 1239 copia
428 1170 503 1233 esset;
519 1172 580 1240 ipsc,
592 1174 635 1223 vil
646 1172 766 1224 Flaminii
780 1173 911 1241 proseflut

152 1252 259 1305 obvilm
275 1250 369 1302 consuli
385 1244 564 1318 exercituique,
582 1268 658 1319 quum
669 1250 700 1305 ad
712 1252 829 1317 Tiberim
839 1253 912 1305 citra

151 1328 301 1381 Ocriculum·
312 1326 474 1397 prospexisset
492 1345 590 1394 agmen,
607 1329 782 1396 consulemque
802 1346 862 1383 tum
879 1344 908 1381 e·

150 1406 263 1473 quitibur
282 1405 315 1456 ad
331 1405 355 1457 se
371 1406 543 1473 prodeuntem,
561 1407 685 1457 viatorem
697 1408 770 1471 mitit,
786 1408 831 1474 qui
843 1422 908 1459 con·

150 1482 199 1537 suli
211 1485 347 1549 nunciaret,
364 1495 393 1535 ut
409 1484 459 1535 fine
477 1484 604 1536 littoribus
620 1486 652 1537 ad
665 1486 811 1537 distatorcm
830 1487 907 1537 veni·

146 1574 198 1618 ret.
234 1564 285 1627 Qui
297 1577 373 1629 quum
389 1560 455 1612 dicio
466 1560 591 1629 paruisset,
607 1562 796 1630 congressusque
812 1578 906 1615 eoru·

80 1682 84 1689 .
149 1641 277 1704 ingentem
290 1638 395 1707 speciem
405 1636 531 1689 disiaturae
541 1638 608 1705 apud
621 1640 689 1690 cives
700 1638 838 1706 sociosque,
856 1656 905 1695 ve-

150 1717 239 1771 tuslate
248 1715 300 1779 jam
311 1720 388 1785 prope
399 1715 493 1767 oblitos
505 1716 558 1780 ejus
575 1709 681 1785 imperii,
698 1715 805 1781 fecissen
823 1719 904 1771 literae

147 1795 183 1847 ab
193 1794 255 1847 urbe
271 1794 350 1845 allatae
367 1791 431 1860 sunt,
448 1809 526 1845 naves
538 1796 669 1860 onerarias,
686 1806 856 1851 commeatum
867 1798 903 1851 ab

148 1872 216 1924 osiia
234 1872 260 1923 in
276 1870 421 1940 Hispaniam
438 1874 470 1922 ad
487 1873 627 1923 exercitum
643 1883 779 1941 portanter,
794 1879 810 1925 i
826 1876 903 1929 desse

143 1951 242 2007 Punica
253 1950 318 2001 cirea
329 1960 430 2017 portum
442 1948 568 2001 Cosanum
579 1961 661 2019 captas
672 1948 727 2002 esse.
751 1953 840 2019 ltaque
852 1968 902 2008 ex-

143 2030 246 2099 templo
262 2026 348 2081 consul
368 2028 461 2079 ostiam
479 2027 604 2095 proficisci
623 2027 707 2092 jussus,
732 2030 902 2098 navibusque,

145 2122 202 2173 quae
218 2106 249 2157 ad
265 2106 353 2157 urbem
372 2110 512 2157 Romanam
529 2117 573 2157 aut
585 2105 657 2156 ottiae
667 2106 750 2171 essent,
767 2110 904 2178 completio

144 2184 226 2237 milite
237 2198 266 2233 ac
277 2183 408 2233 navalibus
415 2182 495 2246 sociis,
508 2181 622 2250 persequi
633 2183 738 2234 hostium
750 2183 854 2250 classem,
866 2204 902 2239 ae

142 2260 231 2311 littora
247 2259 324 2310 Italiae
339 2260 423 2309 tutari.
457 2260 553 2323 Magna
564 2260 603 2309 vis
614 2259 743 2310 hominum
755 2259 901 2327 conscripta

141 2339 232 2391 Romae
243 2347 309 2386 erat:
326 2336 437 2385 libertini
444 2336 529 2397 etiam,
544 2336 635 2401 quibus
643 2338 714 2386 liberi
726 2336 810 2399 essent,
827 2339 853 2389 ἃ
862 2356 899 2391 ae·

141 2426 181 2467 tas
191 2415 314 2478 militaris,
330 2415 357 2465 in
369 2414 446 2475 verba
454 2413 610 2476 juraveram.
636 2416 676 2464 Ex
685 2415 734 2484 boc
742 2417 839 2467 urbano
847 2432 898 2472 ex.

142 2494 231 2559 ercitu,
248 2494 292 2559 qui
303 2493 410 2543 minores
421 2491 530 2557 quinque
541 2492 566 2541 ἀ
578 2492 680 2556 triginta
690 2494 761 2542 annis
773 2503 851 2559 erant,
866 2495 897 2546 in

141 2588 220 2625 naves
230 2571 352 2638 imposti:
370 2570 422 2633 alii,
437 2580 466 2619 ut
477 2571 533 2619 urbi
544 2570 708 2637 praefidereut,
721 2571 808 2621 relisii.

112 2693 120 2705 .
176 2654 238 2701 ΧΠ.
256 2648 378 2713 ῠίἂαῑοτ,
395 2648 507 2699 exercitu
523 2648 630 2699 consulis
647 2640 750 2717 accepto
766 2656 782 2701 t
799 2650 898 2703 Fulvio

139 2729 232 2783 Flacco
242 2728 334 2793 legato,
351 2741 395 2795 per
406 2743 493 2791 agrum
505 2728 621 2777 Sabinum
635 2727 726 2794 Tibur,
742 2744 794 2795 quo
808 2730 897 2782 dicad

140 2802 341 2859 conveniendum
359 2803 472 2855 edixerat
488 2806 563 2855 novis
582 2805 711 2870 militibus,
728 2807 814 2857 venit:
831 2808 896 2860 inde

139 2880 267 2945 Praeneiie,
279 2896 307 2932 ac
319 2879 459 2931 transverfis
473 2881 593 2933 limitibus
605 2883 631 2932 in
647 2883 716 2933 viam
726 2886 845 2940 Latinam
857 2887 895 2938 est

139 2958 259 3021 egressus:
276 2958 350 3020 unde,
362 2957 491 3013 itineribus
504 2959 598 3010 summa
607 2976 664 3011 cum
676 2977 735 3011 eura
745 2964 895 3030 exploratis,

138 3031 178 3093 no,
188 3033 385 3105 hostemducitr
401 3032 470 3107 nullo
486 3035 553 3101 loco,
569 3036 614 3091 uis
629 3050 752 3107 quantum
762 3043 893 3101 neoessitcr

776 3130 890 3186 cogeret,
