2000 3709
330 227 503 278 LIBER
535 229 571 280 Χ.
785 245 834 293 m

79 310 215 382 insequitur
224 316 293 367 acies
308 330 399 368 ornata
410 330 563 386 annataque,
578 329 608 370 ut
623 319 729 374 bodium
736 337 838 390 quoque

78 395 498 464 magnificumspeela'culumess'et.
532 399 677 465 Priusquam
684 401 780 450 clamor
787 402 837 450 tol·

76 472 177 541 leretur,
204 485 458 540 concurrereturque,
484 474 570 526 emisso
592 487 685 527 temere
703 477 756 543 pilo
775 477 839 529 istut

78 550 196 615 pullarius
214 562 274 602 ante
286 552 355 617 signa
372 553 472 602 cecidit.
490 552 560 618 quod
569 553 614 604 ubi
627 553 723 604 consuli
734 556 838 606 nuncia·

77 636 130 678 tum
141 630 185 691 est,
204 631 251 680 Dii
267 632 292 680 in
304 630 451 697 proefiosmt,
467 630 549 696 inquit
557 649 566 691 3
581 631 643 681 later
653 643 741 697 penam
751 635 839 684 noxium

76 717 149 771 rapat.
185 712 256 758 Ante
267 707 396 758 consulem
407 709 459 758 haec
471 708 595 758 dicentem
603 725 695 760 corrue
705 725 771 761 voce
785 712 836 761 cln-

75 785 101 831 ri
111 785 240 834 occinuit.
258 801 311 850 quo
327 787 398 835 larus
413 786 522 850 augurio
533 784 626 849 consul,
642 787 837 838 affinnanenun·

76 876 149 926 quam
160 864 282 912 humanis
294 864 367 914 rebus
380 867 461 928 magis
472 862 600 931 presentes
611 864 747 916 interfuisse
757 869 837 936 Deos,
928 873 933 888 ·

75 936 141 1002 figna
154 955 258 1002 canere,
276 941 302 990 dt
314 943 450 992 clamorem
462 943 518 992 tolli
526 942 602 1005 jnffir.

108 1020 184 1066 XLI.
210 1019 330 1090 l’roeliurn
350 1019 507 1070 commissum
525 1030 610 1082 atrox,
633 1025 742 1070 cetertun
760 1022 837 1086 long&

74 1094 218 1163 disparibus
229 1101 330 1150 animis.
365 1100 545 1160 Romanosira,
561 1098 623 1166 sper,
639 1099 835 1151 ardorcertami·

74 1175 121 1235 nis,
138 1176 234 1226 avidos
252 1177 361 1228 hortium
378 1177 503 1241 sanguinis
518 1177 545 1226 in
562 1177 675 1243 prelium
691 1178 774 1244 rapit:
792 1181 836 1227 Sa·

75 1253 199 1304 mnitium
218 1270 335 1320 magnam
352 1265 447 1321 partem
465 1253 589 1304 necessitas
600 1270 629 1304 ac
640 1253 728 1316 religio
741 1255 837 1304 invitor

76 1331 161 1394 magis
171 1329 287 1392 relislere,
301 1336 377 1397 quam
388 1330 481 1380 inserte
495 1345 613 1397 pugnarn,
630 1330 709 1393 cogit.
727 1345 773 1388 nec
784 1329 836 1379 sus·

75 1407 209 1460 timuissent
220 1411 326 1475 primum
339 1407 474 1457 clamorem
485 1417 560 1472 atque
571 1408 696 1473 impetum
705 1410 836 1460 Romano-

76 1497 144 1548 mm,
162 1499 210 1552 per
221 1485 317 1548 aliquot
325 1483 379 1546 jam
389 1497 468 1534 annos
479 1482 548 1533 vinci
558 1481 654 1546 assueti,
670 1483 697 1532 ni
708 1486 836 1549 potentior

76 1563 142 1613 alius
152 1574 234 1612 metus
245 1560 350 1611 infidens
362 1561 503 1628 pedoribus
514 1568 529 1612 a
540 1552 602 1626 supas
612 1563 738 1611 retineret.
752 1564 835 1628 Quip-

76 1657 108 1712 pe
123 1643 151 1690 in
169 1641 250 1690 oculis
260 1650 320 1688 -erat
337 1641 419 1690 omnis
437 1640 478 1690 ille
493 1641 588 1692 occulti
602 1650 704 1714 paratus
721 1640 791 1705 sacti,
807 1641 836 1694 ἃ

75 1719 168 1768 armati
180 1716 328 1778 sacerdotes,
345 1716 371 1764 ἃ
389 1717 533 1782 promiscua
551 1718 682 1768 hominum
699 1717 834 1784 pecudum·

76 1790 126 1862 'que
139 1795 239 1857 strages,
258 1794 283 1842 ἃ
295 1791 408 1859 respersa
418 1793 495 1844 sando
508 1794 667 1860 nesandoque
678 1795 835 1859 sanguinea·

76 1888 119 1934 τε,
137 1872 163 1922 8:
181 1871 238 1922 dira
255 1871 402 1932 exsecratio,
419 1888 448 1922 ac
466 1873 553 1923 suriale
564 1886 672 1936 tarmen,
689 1871 836 1928 detestanda

74 1948 178 2007 samiliae
194 1948 315 2014 stirpique
331 1947 507 2016 compositum.
525 1951 564 2000 bis
583 1951 690 2002 viocuis
705 1949 771 2014 suge
788 1951 835 2002 ob·

74 2025 150 2079 liridi
171 2025 277 2086 stabant,
294 2025 377 2077 civem
394 2029 480 2092 magis,
498 2033 574 2092 quam
590 2027 692 2090 bosleni,
709 2028 835 2078 timenter.

76 2105 171 2154 Instare
188 2107 320 2154 Romanus
337 2109 359 2154 a·
369 2119 449 2156 cornu
465 2116 582 2172 utroque,
598 2112 614 2156 a
630 2106 711 2157 media
728 2108 792 2172 acie,
807 2109 835 2162 dc

76 2183 171 2233 caedere
191 2185 308 2233 Deorum
325 2183 505 2250 hominumque
521 2184 642 2234 attonitos
656 2194 735 2234 metu.
759 2201 834 2252 repu-

76 2273 168 2327 gnatur
179 2260 298 2325 segniter,
314 2271 344 2310 ut
355 2261 388 2312 ab
405 2262 443 2325 iis,
460 2277 522 2327 quor
533 2263 610 2312 timor
619 2272 757 2312 moraretur
768 2268 782 2312 a
792 2263 834 2312 stu.

76 2353 117 2404 ga.
151 2340 210 2402 Jam
223 2353 303 2404 prope
315 2337 347 2388 ad
365 2336 431 2402 figna
442 2337 519 2390 cades
534 2347 689 2405 pervenerat,
705 2352 782 2404 quum
799 2351 835 2390 ex
918 2373 922 2378 .

77 2413 221 2464 transverso
240 2414 333 2480 pulvis,
350 2415 421 2464 velut
438 2414 545 2480 ingentis
555 2415 661 2479 agmittis
674 2411 766 2464 incessu
776 2429 833 2463 mo·

77 2503 125 2558 turs,
142 2491 271 2558 apparuit.
307 2495 348 2556 Sp.
367 2491 473 2540 Nautius
492 2490 636 2553 (Ostavium
652 2490 759 2540 Metium
777 2489 833 2554 qui·-

76 2565 135 2620 tam
156 2583 215 2618 eum
227 2566 340 2628 tradunt)
358 2565 411 2616 dux
425 2567 531 2620 alaribus
540 2567 684 2617 cohortibus
693 2578 756 2616 erar.
777 2565 832 2632 pul·

76 2659 163 2696 rerem
174 2643 308 2707 majorem,
326 2648 400 2709 qudm
411 2659 458 2710 pro
470 2660 583 2707 numero,
599 2643 759 2694 excitabant:
778 2641 834 2697 inst·

77 2720 162 2772 dentes
173 2721 246 2773 mulis
264 2721 365 2772 calones
381 2719 516 2772 frondosos
529 2737 610 2771 ramos
627 2737 670 2786 per
681 2730 770 2768 terram
782 2731 833 2770 tra-

78 2799 185 2852 nebant:
204 2815 276 2851 arma
288 2797 405 2864 signaque
421 2813 465 2866 per
481 2798 606 2848 turbidam
615 2799 695 2847 lucem
710 2799 736 2847 in
748 2799 835 2864 primo

79 2879 248 2946 apparebant:
269 2879 324 2946 poll
333 2879 407 2928 altior
416 2877 558 2942 densiorque
566 2879 648 2944 pulvis
656 2879 768 2942 equiturn
780 2876 832 2942 spe·

79 2957 140 3011 ciem
152 2957 301 3022 cogentium
315 2972 405 3020 agmen
415 2955 499 3006 dabar.
517 2955 662 3020 fefellitque
673 2968 725 3009 non
737 2953 831 3002 Samni·
882 3014 885 3021 .

80 3043 113 3086 tet
127 3036 213 3100 modo,
231 3032 276 3087 sed
296 3035 376 3088 ctiam
393 3035 535 3108 Romanos:
550 3030 681 3088 &consul
697 3029 832 3086 affirmavit

655 3150 665 3162 ,
710 3121 832 3176 errorem,
