2000 3709
154 235 187 300 9⁶
414 235 450 286 τ.
485 233 644 285 ntvtt

156 322 241 375 versut
254 323 340 374 Gallos
359 339 405 392 pro
421 323 515 374 finistro
526 325 618 375 Decius
635 323 746 389 quintam
764 323 792 374 ἃ
807 321 916 376 sextam·

157 399 282 452 iustruxit.
307 401 412 451 secunda
429 403 454 450 n
470 411 558 466 quarta
570 417 627 450 cum
638 403 671 450 1..
688 401 829 452 Volumnio
846 418 906 469 pro·

156 479 256 530 consule
273 481 300 530 itt
316 481 416 528 Samnio
425 480 543 542 gerebant
552 479 651 528 beilum.
685 479 769 528 Primo
779 478 905 529 concursu

154 555 218 606 adeo
226 557 301 621 aequis
312 556 405 604 viribus
415 557 479 619 gesta
490 571 529 604 res
536 556 578 618 est,
590 544 626 618 u't,
639 554 796 605 Iiadfuiffent
804 556 904 605 Etrusci

155 631 285 694 &Umbri
301 632 448 696 autinacie,
464 631 642 695 autmeastrn,
659 645 811 698 quocunque
821 630 848 681 se
865 632 904 682 in·

154 707 288 769 eliniffent,
304 709 448 775 accipienda
457 709 537 759 clades
546 708 629 760 suerit.
641 747 653 756 ,

190 788 317 834 XXVIII.
348 790 470 848 Ceterum,
497 801 639 852 quanquam
660 781 799 836 communit
819 783 902 836 adhue

152 866 221 916 Mars
234 863 291 913 belli
302 873 363 926 etat,
373 864 478 914 necdum
487 862 619 933 diicrqnen
629 863 730 914 fortuna
740 863 843 928 fecerat,
851 863 902 930 qui

152 941 240 991 datura
250 942 313 990 vites
322 939 387 1003 effet,
405 941 595 1007 haudquaquam
606 941 689 990 fimitis
702 956 784 1007 pugna
795 942 823 991 in
836 941 899 992 dex·

152 1028 193 1069 tro
203 1019 315 1084 latoque
330 1033 408 1068 cornu
422 1030 483 1068 erat.
502 1019 609 1068 Romani
625 1018 691 1085 apud
709 1019 814 1068 Fabium
828 1034 897 1069 aree·

152 1093 214 1144 bant
224 1095 310 1164 mugit,
320 1099 394 1158 quant
409 1093 556 1156 inferebant,
568 1109 693 1160 puguam3
708 1094 900 1144 extrahebatur·

121 1219 128 1224 ,
151 1187 201 1238 que
218 1173 243 1221 In
259 1176 331 1238 quam
349 1171 458 1222 maxime
473 1170 554 1222 serum
568 1173 618 1222 diei
632 1183 769 1222 certamen:
786 1173 845 1238 quia
861 1174 899 1241 ita

150 1248 291 1318 persuasum
306 1259 358 1298 erat
372 1249 437 1311 duci,
454 1250 480 1300 Ie
499 1251 617 1299 Samnites
628 1251 654 1298 Ie
664 1250 750 1300 Gallos
757 1250 840 1318 primo
848 1251 897 1299 im·

149 1335 210 1392 petu
221 1325 315 1376 feroces
323 1325 378 1389 effe,
396 1341 457 1390 quor
472 1325 581 1376 sustineri
590 1325 646 1375 satis
657 1325 702 1386 [ιτς
717 1327 831 1390 longiore
842 1342 898 1376 cer·

149 1403 242 1456 tamine
258 1402 343 1452 sensim
354 1401 456 1451 refidere
467 1404 612 1454 Samnitium
628 1404 745 1452 anitnot:
763 1403 896 1453 Gallorum

149 1480 250 1545 quidem
269 1482 344 1530 etiam
362 1491 467 1546 corpora
483 1478 693 1530 intolerantissima
707 1479 799 1530 laborir
817 1489 897 1545 atque

148 1559 216 1609 astus
226 1561 318 1618 fluere;
336 1559 463 1626 primaque
470 1573 558 1607 eorum
574 1558 660 1624 proelia
673 1558 728 1624 plus
737 1562 811 1622 quim
821 1558 894 1607 viro-

149 1651 214 1698 rum,
230 1637 350 1703 postrema
366 1637 447 1684 miuus
466 1642 541 1701 quam
560 1634 709 1685 femmarum
724 1635 781 1686 effe.
815 1639 845 1684 In
865 1634 895 1686 id

146 1722 244 1779 tempus
255 1713 339 1778 igitur,
357 1728 407 1778 quo
419 1711 488 1762 vinci
501 1712 595 1761 [olebat
603 1711 686 1773 hostis,
704 1717 778 1777 quam
787 1712 895 1777 Integet·-

145 1791 219 1840 riutas
229 1791 294 1840 vires
304 1790 377 1839 militi
393 1788 516 1840 servabat.
549 1779 670 1838 Ferocior
678 1789 769 1839 Decius
785 1789 810 1838 ἃ
819 1800 893 1840 aetate

144 1865 267 1930 &vigore
283 1866 369 1927 animi,
386 1875 604 1930 quantumcunque
620 1867 713 1916 vitium
723 1865 821 1930 habuit,
837 1881 893 1916 eer-

143 1943 235 1994 tamine
246 1944 327 2010 pritno
337 1941 432 1992 effudit.
458 1943 493 2002 tc,
511 1944 571 2008 quia
578 1941 669 1992 lentior
676 1941 809 1992 videbatur
816 1942 893 2009 pede·

142 2019 195 2070 stris
213 2033 304 2085 pugna,
321 2019 460 2085 equitatum
476 2019 504 2068 in
521 2034 630 2085 pugnam
646 2021 769 2070 concitat:
787 2020 813 2070 ἀ
830 2019 893 2087 ipse,

141 2093 275 2145 fortiffimae
283 2097 406 2158 juvenum
415 2105 503 2145 turmae
512 2096 651 2161 immixtus,
662 2106 718 2146 orat
727 2111 841 2164 proceres
846 2097 892 2161 ju·

140 2175 258 2238 ventutis,
275 2176 301 2224 itt
312 2175 406 2227 hostem
418 2185 446 2224 ut
458 2174 541 2224 secum
552 2174 671 2243 impetum
682 2174 788 2226 faciant:
805 2175 892 2242 dupli·

141 2265 196 2301 cem
208 2252 307 2301 illorum
318 2251 422 2316 gloriam
434 2251 498 2317 fore,
515 2251 532 2301 fi
543 2253 576 2302 ab
583 2253 649 2303 laero
657 2268 735 2304 cornu
743 2253 769 2304 δε
777 2253 810 2303 ab
818 2255 891 2319 equi-

140 2341 166 2382 te
174 2329 279 2381 vitiotia
288 2331 399 2397 incipiat.
415 2323 417 2328 ’
434 2331 475 2380 Bis
485 2341 598 2381 avertere
607 2332 732 2382 Gailicum
740 2332 891 2397 equitatum.

140 2408 230 2458 iterum
246 2408 344 2471 longius
359 2405 466 2472 eveiios,
483 2408 577 2472 &jam
596 2407 759 2458 intermedia
776 2409 891 2473 equitum

139 2487 239 2550 agmina
248 2485 360 2553 proelium
372 2487 472 2549 cientes,
488 2502 586 2536 novum
596 2502 685 2553 pugnae
693 2489 834 2538 conterruit
843 2502 890 2552 ge·

137 2576 201 2611 nus:
219 2559 301 2612 effodis
313 2563 436 2629 carrisque
447 2561 582 2629 superstant
590 2574 698 2614 attuatos
707 2565 781 2614 hossis
790 2564 889 2628 ingenti
903 2617 906 2621 ἵ

138 2639 221 2690 sonitu
233 2655 354 2704 equorum
365 2652 526 2706 rotarumque
542 2641 654 2706 advenit,
671 2635 697 2693 t
712 2641 825 2692 insolitos
833 2642 889 2704 ejus

34 2760 39 2774 .
138 2716 258 2768 tumultus
269 2720 439 2770 Romanorum
450 2720 588 2770 conterruit
596 2735 682 2786 equor.
716 2720 890 2784 Itariiiorem

139 2795 277 2862 equitatum
285 2797 356 2847 velut
364 2798 532 2864 lymphatIcut
541 2815 623 2866 pavor
630 2799 742 2866 diffipatt
758 2799 843 2851 sternit
850 2801 889 2852 in·

137 2871 278 2923 dementes
292 2889 368 2938 equos
383 2872 498 2941 virosque
510 2875 652 2943 improvida
665 2876 734 2941 fuga.
769 2877 888 2930 Turbata

137 2949 196 2999 hine
205 2951 281 3000 etiam
290 2949 357 3014 Iigna
367 2949 494 3016 legionum
504 2970 512 3003 t
529 2955 652 3022 multique
659 2957 756 3024 impetu
763 2971 887 3023 equorum

137 3042 168 3081 ae
178 3028 353 3082 vehitulorum
358 3040 488 3096 raptorum
498 3047 544 3102 per
554 3050 643 3104 agmen
650 3035 738 3091 obtriti
745 3035 883 3102 autetigna·

835 3127 883 3167 tu:
