2000 3709
320 290 374 362 ul
391 297 489 354 unu
523 300 627 353 xxvi.
793 287 852 360 'tir'-

88 386 162 457 &gno
179 389 248 458 dato,
265 392 372 444 caedibus
390 391 446 444 finis
465 392 552 444 satius.
571 393 603 442 ad
621 389 730 461 predam
740 388 849 442 vitores

89 468 166 533 versr,
184 486 238 536 quae
250 471 429 536 ingenuomnis
441 472 538 536 generis
552 469 610 520 suit.

127 549 241 596 XLVII.
258 548 409 598 Liberorum
421 549 533 615 capitum
545 547 619 597 virile
635 545 705 596 secus
716 544 748 596 ad
763 544 849 597 decem

90 623 171 673 millia
183 625 264 692 capta.
283 626 349 691 iude,
367 627 411 692 qui
423 627 491 676 cives
505 628 587 676 No'vae
601 617 761 688 Karthaginis
771 633 851 686 eraut,
879 616 884 620 ’

91 699 200 750 dimisit:
218 703 355 770 urbemque
371 705 396 754 de
412 703 455 754 sua
470 702 564 767 omnia,
581 717 635 769 qua
647 703 742 766 reliqua
754 700 850 752 eisbel·

90 780 146 830 lum
164 781 266 847 fecerat,
283 784 396 834 restituit.
432 783 541 850 opifices
553 781 586 830 ad
602 780 654 830 duo
672 780 754 829 millia
766 779 850 830 homi·

92 870 247 923 numerant,
265 876 306 910 eos
324 861 437 929 publicos
454 860 509 910 sore
529 860 616 928 populi
635 859 743 909 Romani
760 858 849 923 edixit,

92 947 153 984 eum
163 932 355 1005 spe‘ptopiuqua
366 937 495 999 libertatis,
513 937 571 987 stad
580 937 714 986 ministeria
726 932 784 986 belli
793 937 849 986 eus·

91 1017 118 1064 oe
130 1028 235 1081 operam
252 1015 387 1070 nutassent.
423 1019 538 1068 Ceteram
553 1013 738 1065 multitudinem
748 1014 848 1067 ‘incola-

82 1099 151 1142 ‘rum
162 1091 294 1160 juvenum,
312 1110 341 1144 ac
357 1093 499 1144 validorum
514 1092 654 1155 servorum,
670 1094 697 1142 in
712 1091 807 1143 classem
816 1091 849 1144 ad

91 1168 293 1236 supplementum
310 1173 433 1238 remigum
449 1169 526 1221 dedit.
544 1170 570 1221 dt
584 1180 689 1221 auxerat
701 1170 807 1220 navibus
818 1182 849 1220 o'·

93 1245 135 1298 sio
145 1249 251 1316 captivis
261 1249 366 1304 classem.
400 1251 479 1300 Extra
491 1251 555 1298 hauc
563 1248 748 1299 multitudinem
758 1246 849 1314 IIispa-

94 1340 187 1376 norum
199 1326 293 1379 obsrdes
304 1338 391 1379 erant:
409 1343 516 1393 quorum
530 1325 639 1394 perinde,
655 1342 684 1376 ac
696 1325 713 1375 sr
723 1323 849 1376 sociorum

90 1402 168 1452 liberi
178 1404 261 1466 essent,
273 1421 333 1456 cura
343 1405 439 1456 habita.
476 1405 568 1472 Captus
582 1405 608 1455 sc
619 1413 751 1471 apparatus
762 1403 850 1467 lugent

94 1479 171 1541 belli3
188 1483 319 1550 catapultae
333 1484 449 1532 maxima
464 1483 552 1534 sormae
563 1492 663 1534 centum
680 1480 782 1545 viginti,
800 1479 849 1529 mi·

91 1569 170 1608 notes
181 1558 294 1610 ducentae
311 1559 438 1626 odoginta
451 1560 476 1611 ἃ
495 1575 563 1610 una:
581 1558 680 1610 baliisiae
690 1557 796 1621 majores
807 1557 849 1608 vi·

92 1635 161 1700 giuti
181 1647 238 1701 trec,
263 1638 372 1689 minores
392 1639 571 1706 quinquaginta
593 1637 660 1688 dure:
688 1635 849 1708 scorpionum

93 1711 226 1776 majorum.
242 1715 424 1781 minorumque,
441 1715 467 1765 ἃ
486 1725 610 1766 armorum
628 1714 791 1780 teionunque,
807 1707 859 1766 iuss

95 1803 157 1854 gens
176 1805 308 1841 uumerus:
332 1791 399 1857 srgna
419 1793 538 1842 militaria
556 1792 711 1860 septuaginta
729 1801 848 1857 quatuor.

93 1869 129 1918 Et
140 1868 194 1918 auri
205 1870 350 1937 argentique
362 1869 438 1920 relata
453 1868 484 1919 ad
503 1870 678 1937 imperatorem
689 1883 780 1932 magua
791 1869 846 1920 vit:

64 2007 65 2012 Ἰ
94 1955 185 2010 paterae
196 1961 275 1997 aureae
292 1945 393 1996 suerunt
403 1945 516 1997 ducenta
528 1945 683 2014 septuaginta
701 1945 753 2010 sex,
772 1946 848 1996 librat

91 2021 175 2072 serme
186 2038 270 2074 omnes
281 2021 383 2091 pondo:
400 2025 496 2089 argenti
509 2022 567 2074 lasti
579 2022 713 2088 signatique
724 2022 809 2073 decem
817 2022 848 2074 st
905 2046 911 2050 ·

20 2110 23 2116 '
90 2100 155 2152 ctio
169 2101 247 2152 millia
261 2101 287 2153 dc
299 2112 407 2152 trecenta
424 2101 524 2168 pondo:
542 2101 659 2152 vasorum
670 2111 848 2165 argenteorum

94 2192 202 2244 magnus
213 2195 339 2230 numerus.
373 2183 433 2238 IIaec
448 2181 533 2230 omnia
551 2184 581 2230 c.
600 2180 724 2230 Flaminio
735 2178 847 2246 quaeltori

94 2256 204 2324 appensa
221 2268 432 2324 annumerataque
447 2258 513 2317 sunt.
530 2254 607 2309 tritici
618 2258 779 2325 quadraginta
790 2258 848 2308 mil·

93 2335 129 2385 lia
137 2335 258 2399 modium,
276 2335 362 2387 hordei
374 2336 480 2388 ducenta
492 2335 656 2402 septuaginta.
691 2340 776 2387 Navea
785 2348 846 2387 one·

64 2409 66 2414 ’
91 2412 167 2463 rarle
184 2411 312 2477 sexagima
328 2425 377 2464 tres
393 2415 422 2464 iu
442 2425 518 2482 portu
534 2424 684 2480 expugnata
700 2425 846 2481 captaquet

95 2489 209 2555 quadarn
220 2489 340 2560 cum-suia
348 2490 474 2554 oneribus,
484 2490 621 2562 frumento,
632 2483 716 2553 armis,
726 2507 774 2542 aere
782 2507 844 2559 prae·

90 2577 172 2631 terea,
189 2567 312 2634 ferroque,
335 2569 361 2620 dt
379 2569 469 2631 linteis,
492 2569 518 2619 ἃ
536 2569 628 2636 sparto,
651 2571 677 2619 a
693 2570 777 2620 navali
796 2570 846 2622 alia

93 2646 201 2695 materia
216 2644 247 2695 ad
264 2643 360 2696 classem
371 2645 554 2697 aedificandam:
571 2657 601 2696 ut
617 2647 747 2697 minimum
764 2647 846 2696 omni·

93 2737 149 2788 um,
166 2724 231 2774 inter
248 2733 327 2776 uncae
339 2739 404 2794 opes
421 2725 480 2776 belli
495 2733 587 2793 captas,
604 2725 731 2791 Karthago
742 2722 794 2791 ipsa
805 2723 846 2775 su·
863 2748 869 2752 >

95 2802 155 2852 erit.
337 2806 340 2812 “

129 2881 264 2932 XLVIII..
275 2882 313 2932 Eo
325 2880 365 2932 die
376 2883 469 2950 Scipio,
482 2886 513 2934 C·
525 2883 604 2933 laelio
615 2897 673 2934 cum
683 2879 755 2933 sociis
766 2893 846 2930 nava-

8 2989 13 3001 ›
88 2945 161 3032 libus
171 2957 259 3008 urbem
270 2959 390 3027 custodire
399 2959 474 3025 jusso,
491 2956 545 3027 ipse
559 2961 585 3011 in
596 2961 673 3010 castra
686 2959 795 3022 legiones
806 2972 847 3008 re·

90 3033 185 3108 duxit:
202 3033 322 3103 fessosque
336 3037 426 3088 milites
437 3037 554 3088 omnibus
564 3053 616 3088 uno
630 3037 671 3087 die
686 3036 744 3086 belli
760 3036 846 3104 opeti-
865 3054 869 3059 ’

89 3109 142 3168 laur
153 3115 257 3186 (quippe
271 3116 315 3185 qui
327 3117 352 3171 dc
366 3117 420 3172 acie
431 3114 591 3186 dimicassent,
608 3118 634 3171 dc
649 3115 768 3183 capienda
781 3115 847 3168 urbe

745 3200 843 3246 lanium
