2000 3709
148 255 197 308 5⁰⁰
405 249 443 302 τ.
478 237 636 300 lesl

22 381 32 390 ,
141 341 252 398 ulerunt,
269 349 349 403 neque
361 337 417 389 illos
428 337 530 401 dimitti,
547 354 628 405 neque
636 338 747 404 retineri,
763 353 844 407 neque
853 356 907 409 ap·
983 374 993 405 ,r

143 413 229 480 pellari
240 421 254 466 t
268 415 420 476 consulibua
433 433 461 468 ea
472 418 549 468 tacita
560 419 689 483 castigatio
700 421 809 470 maxime
818 435 853 470 ex
861 421 904 470 di·

123 493 237 558 ,gnitate
256 497 343 564 populi
361 499 469 548 Rotnani
487 495 543 547 visa
556 497 599 547 eu.
635 501 725 548 Cetera
743 500 905 589 expedienti·

141 570 196 634 bus,
209 589 263 640 qua
274 575 306 626 ad
314 577 407 626 bellurn
419 591 482 644 opus
494 587 573 640 erant
591 575 742 638 consulibus,
751 593 850 627 aurum
860 579 903 626 vi·

991 11 993 49 Ι

991 56 993 89 Ι

988 105 993 183 l

991 186 993 205 l

991 226 993 259 l

991 409 993 442 Ι

141 650 428 745 eelimarium,quorl1n
441 653 560 706 saniliore
571 655 659 705 erario
670 655 702 705 acl
718 656 822 706 ultimos
831 655 905 707 casua
989 677 993 695 ⁴

80 749 85 754 ·
142 726 298 792 servabatur,
309 732 392 824 promi
405 733 507 801 placuit.
541 735 661 800 Prompta
672 733 702 783 ad
720 746 831 800 quatuor
845 734 903 783 mil·
991 769 993 811 ᾗ

140 805 176 857 tia
188 810 272 874 pondo
289 811 352 862 auri.
371 811 427 862 inde
441 812 568 878 quingena
579 811 666 878 pondo
677 813 736 862 data
746 812 905 876 consulibus,

141 885 169 938 ἃ
179 889 218 938 Μ.
229 891 359 956 Marcello,
369 889 394 942 ἃ
406 893 433 942 Ρ.
444 891 554 958 Sulpicio
563 889 761 957 proconsulibus,
771 891 797 942 ἃ
805 895 899 942 L.·Ve·

139 964 209 1016 truso
225 969 336 1034 pretori,
351 969 395 1036 qui
414 969 522 1018 Galliam
538 969 696 1036 provinciam
709 967 813 1021 sortitus
830 979 904 1032 erm
986 959 993 984 ¹

137 1039 301 1110 additumque
313 1046 393 1096 Fabio
409 1044 505 1095 consuli
520 1054 621 1095 eentum
634 1044 720 1112 pondo
731 1047 787 1097 auri
802 1049 897 1114 praci-

138 1131 224 1188 puurn,
242 1120 311 1187 quod
326 1123 353 1172 in
367 1138 450 1173 arcem
462 1124 628 1186 Tarentinam
640 1133 793 1190 portaretur.
811 1136 902 1176 cetero

136 1197 173 1248 usr
186 1197 284 1250 suntad
302 1201 448 1252 vestimenta
461 1199 574 1268 prasenti
587 1202 692 1268 pecunia
703 1201 809 1252 locanda
823 1217 897 1253 exer·
991 1242 993 1258 ὲ

135 1275 208 1340 citui,
227 1278 279 1403 qup³
288 1278 314 1328 in
329 1277 450 1348 Hispania
461 1279 554 1329 bellum
567 1278 672 1329 secundi
683 1277 726 1328 sul
738 1277 900 1332 samaducisv

141 1367 193 1422 que
204 1367 262 1417 gere
280 1365 316 1404 at.

175 1435 225 1482 XI.
243 1433 362 1500 Prodigia
374 1447 483 1501 quoque,
506 1433 650 1502 priusquam
660 1433 694 1484 ab
710 1433 902 1502 urbeponsulee

137 1510 365 1580 proficiscerentur,
384 1514 514 1580 procurari
527 1514 633 1582 placuit,
666 1516 697 1568 In
709 1512 811 1564 Albano
819 1529 896 1566 mon·

135 1597 162 1638 te
175 1587 239 1640 talla
256 1589 287 1640 cle
299 1592 361 1642 coelo
373 1602 443 1643 erant
455 1591 552 1657 sgnum
564 1591 647 1656 Jovia,
663 1591 787 1659 arborque
798 1593 900 1660 templo
972 1616 976 1622 ·

135 1668 287 1740 propinqua,
305 1671 330 1720 ἀ
342 1671 415 1722 osliae
425 1671 501 1733 lacus,
514 1672 539 1722 ἁ
553 1674 645 1738 Capua
655 1685 749 1735 murus,
761 1673 899 1723 Fortunae·

135 1759 186 1812 que
199 1747 270 1812 ades,
288 1749 313 1800 ἃ
329 1749 441 1800 Sinuessa
452 1764 538 1800 murus
549 1760 680 1816 portaque.
715 1749 897 1800 Haec-decoelo
991 1811 993 1822 Ι

135 1823 210 1874 tatia.
247 1829 382 1878 cruentam
395 1829 470 1878 etiam
483 1826 582 1878 fluxisse
593 1843 684 1893 aquam
697 1828 828 1892 Albanam,
835 1829 895 1894 qui-

135 1901 195 1954 rlam
207 1903 319 1958 auslorcs
331 1919 411 1957 erant.
424 1910 469 1958 'Et
483 1909 571 1958 Rornae
582 1909 649 1956 intus
661 1906 748 1956 cellam
763 1906 821 1957 adis
829 1909 895 1958 For·

135 1978 169 2032 tis
181 1983 298 2032 Fortunae
308 1983 339 2032 cle
348 1985 430 2052 capite
442 1985 547 2050 sgnum,
563 1983 631 2051 quod
644 1983 669 2032 in
681 1998 776 2034 corona
787 1995 848 2049 erat,
866 1987 895 2038 in

135 2071 226 2111 manua
238 2059 324 2126 sponte
341 2061 384 2112 sui
401 2063 555 2133 prolapsum.
589 2065 624 2113 Et
635 2062 749 2115 Ptiverni
764 2062 822 2114 satir
832 2080 897 2114 con-
991 2104 993 2112 ,

136 2133 217 2186 slabat
233 2137 328 2188 bovem
349 2139 469 2200 locutum,
487 2138 676 2204 volturiumque
693 2138 818 2205 frequenti
834 2140 894 2194 soro

136 2215 163 2267 in
177 2215 306 2266 tabernam
318 2216 451 2282 devolare,
464 2219 489 2283 ὃς
502 2215 615 2268 Sinuessa
627 2229 714 2267 natum
725 2220 846 2284 ambiguo
856 2221 896 2272 in·

133 2299 174 2343 ter
185 2307 279 2344 marem
292 2307 320 2345 ae
330 2295 448 2346 seminam
461 2294 523 2345 sexu
535 2295 672 2346 infantem:
689 2311 752 2362 qnos
763 2297 895 2364 androgy-

133 2383 181 2423 not
193 2371 284 2437 vulgus
305 2374 345 2436 (ut
357 2375 482 2442 pleraque,
500 2373 613 2424 faciliore
631 2373 663 2424 ad
674 2372 824 2442 duplicanda
834 2391 893 2426 ver·

134 2447 168 2500 be
185 2451 277 2501 Graeco
290 2452 412 2518 sermone)
430 2453 557 2520 appellat:
575 2453 600 2504 &
610 2451 673 2502 laste
684 2451 779 2520 pluisse,
797 2454 823 2504 ἃ
834 2469 893 2506 erun

134 2527 261 2594 elephanti
279 2529 362 2598 capite
379 2545 485 2599 puerum
500 2541 596 2580 natum.
631 2533 667 2580 Ea
679 2531 795 2597 prodigia
807 2533 895 2584 hostiis

133 2605 273 2670 majoribus
291 2620 433 2676 procurata,
451 2611 476 2659 lit
494 2606 642 2676 supplicatio
658 2610 825 2669 circaomnia
837 2611 894 2679 pul·
991 2652 993 2663 ,

133 2687 241 2754 vinaria,
260 2689 285 2738 ἃ
302 2688 443 2740 obsecratio
460 2689 486 2738 in
504 2702 582 2737 unum
593 2685 661 2738 diern
677 2686 788 2739 retina:
807 2690 833 2740 ἃ
849 2691 894 2740 ‹le-

133 2773 239 2829 eretum,
256 2777 285 2818 ut
303 2769 333 2816 C.
352 2767 470 2818 Hostilius
487 2776 579 2836 prator
594 2766 668 2817 ludos
690 2767 814 2833 Apollini,
831 2769 896 2839 siout

55 2861 60 2870 ·
134 2843 173 2896 his
185 2845 256 2894 annis
267 2845 323 2894 voti
336 2843 442 2910 lallique
454 2854 533 2908 erant,
550 2854 658 2895 voveret
668 2842 822 2912 faceretque.
846 2848 900 2897 Per

134 2936 179 2973 eoa
190 2921 241 2972 dies
260 2924 285 2973 ἃ
303 2922 446 2978 censoribus
461 2921 573 2972 creandis
585 2925 619 2986 Q.
632 2922 735 2972 Fulvius
747 2924 836 2974 e'onsul
846 2941 894 2976 co·

988 2924 993 2961 i

133 3000 206 3050 mitia
217 3000 314 3051 habuit.
334 3001 417 3051 creati
429 3000 549 3065 censores,
560 3002 636 3052 ambo
647 3001 690 3067 qui
702 3002 816 3052 nondum
828 3019 892 3054 eon·
991 3038 992 3041 =

133 3074 198 3131 fuer
213 3075 320 3144 lucrant,
337 3081 377 3132 M.
390 3078 525 3138 Cornelius,
538 3078 672 3151 Cethegus,
688 3081 717 3131 P.
729 3080 891 3215 sempffl?
990 3092 993 3172 p

696 3206 699 3215 .
986 3186 993 3225 t
