2000 3709
329 251 355 302 L
370 252 385 304 1
400 253 420 302 ll
438 250 461 304 ll
476 251 502 304 R
533 249 611 304 xxi.
797 266 844 316 m

117 337 222 392 XXIX·
241 339 313 391 Dum
331 340 461 408 elephanti
477 340 647 408 trajiciuuntr,
659 339 845 394 interm-nan·

86 418 154 468 nibal
171 419 298 470 Numidas
317 422 414 488 equites
432 419 582 488 quingentos
598 419 632 471 ad
643 419 848 488 castraliqmana

86 493 188 548 miserat
207 491 373 566 speculatum,
389 498 443 563 ubi,
460 498 486 549 ἃ
502 509 600 564 quanta
617 499 699 567 copia
718 495 802 562 effent,
819 495 848 549 k

86 575 146 639 qnid
167 587 295 644 pararent.
330 579 396 628 Huic
414 577 459 628 alae
478 577 592 642 equitum
605 576 676 641 miffi,
694 587 724 627 ut
739 579 797 627 ante
806 573 845 638 di·
886 578 901 586 '

86 650 154 704 i'tum
169 653 214 720 est,
231 655 265 705 ab
273 655 338 707 ostio
352 653 470 711 Rhodani
481 656 585 706 trecenti
596 658 768 706 Romanorum
776 653 846 721 eqni·

85 742 123 781 tna
138 743 289 785 occurntnt
317 733 430 801 praelium
449 734 567 797 atrocius,
582 740 657 799 quam
677 749 724 802 pto
739 748 847 784 numero

87 812 266 876 pugnantium,
283 812 374 862 editur.
410 813 477 862 Nam
487 822 576 878 prater
583 812 662 862 multa
670 813 783 876 vulnera,
800 826 847 864 cae·

86 886 129 938 det
140 889 219 938 etiam
231 894 311 957 prope
328 906 373 958 par
390 889 508 956 utrinque
523 889 588 940 fuit:
608 889 751 957 fugaque&
762 879 847 958 pavnt·

86 966 259 1018 Numidarum
270 970 400 1033 Romanis,
414 967 468 1032 iam
479 967 613 1020 admodum
623 968 694 1031 teffie,
710 968 845 1020 vinariam

86 1044 165 1096 dedit.
190 1046 301 1099 viiiorea
317 1047 350 1099 ad
367 1057 468 1100 cennim
480 1047 618 1112 sexaginta,
634 1062 680 1098 nec
691 1061 779 1098 omnen
789 1050 844 1098 lio·

87 1126 165 1188 mani,
184 1123 226 1176 sed
238 1143 295 1194 pars
308 1127 456 1178 Gallorum:
474 1125 536 1177 viiii
549 1127 657 1194 amplius
666 1125 769 1178 ducenti
777 1125 845 1197 ceei-

87 1201 190 1254 derunt.
224 1207 288 1271 linc.-
304 1206 463 1274 principium.
480 1203 557 1256 simul.
568 1219 695 1272 omenque
714 1204 782 1268 belli,
813 1213 845 1254 ut

87 1278 191 1333 tumme
201 1297 286 1352 retum
297 1283 444 1352 prosperum
455 1293 583 1349 eventum,
596 1284 635 1334 ita
648 1281 715 1334 haud
731 1281 788 1332 sanc
803 1281 845 1332 in·

86 1371 218 1414 ementem
235 1363 400 1431 ancipitisque
412 1363 553 1415 certaminis
570 1363 711 1423 victoriam,
723 1360 845 1411 Romania

87 1437 226 1503 portendit.
260 1443 302 1504 Ut,
320 1456 346 1490 re
364 1442 399 1490 ita
416 1439 489 1509 gesti,
506 1439 538 1490 ad
548 1435 788 1505 utrumque-ducem
804 1435 852 1487 sui.

85 1515 225 1578 redierunt,
242 1533 289 1568 nec
301 1520 411 1587 scipioni
425 1518 486 1568 liare
501 1517 621 1568 sententia
634 1524 743 1584 poterat,
758 1512 803 1564 nili
813 1523 844 1564 ut

87 1606 120 1642 ex
131 1593 242 1644 consiliis
251 1595 466 1663 coeptisquehostis
475 1595 500 1645 dt
509 1593 562 1663 ipse
572 1604 676 1644 conatus
685 1602 798 1661 caperet:
816 1586 850 1643 dt.

86 1668 256 1719 Hannibalem
272 1671 403 1733 incertum,
420 1675 505 1721 unum
521 1681 630 1737 coeptum
647 1667 673 1717 in
694 1667 791 1720 ltaliam
802 1667 842 1718 in-

86 1745 201 1800 tenderet
213 1747 270 1808 iter,
287 1764 319 1797 au
331 1763 389 1798 cum
401 1761 442 1811 en,
459 1747 503 1812 qui
513 1748 606 1813 primus
618 1743 777 1796 stobtulilset
786 1747 842 1795 lio·

85 1839 176 1876 mantas
184 1826 320 1890 exercitus,
337 1841 425 1876 manue
437 1825 584 1889 consereret,
601 1822 850 1891 aventitaptaei'entis

85 1901 224 1962 certamine
234 1901 352 1965 Bojotum
360 1901 499 1966 legatorum
508 1901 637 1967 regulique
645 1900 741 1964 Magali
750 1900 843 1950 adven·

85 1987 142 2028 tus:
161 1977 205 2042 qui
218 1975 326 2039 seduces
340 1977 467 2042 itinerum,
485 1975 566 2028 socios
577 1975 681 2044 periculi
695 1975 758 2038 sore,
775 1974 843 2025 affit-

85 2066 190 2120 mantes,
209 2057 308 2122 integto
320 2057 396 2122 bello,
413 2055 534 2124 nusquam
543 2059 600 2106 ante
610 2056 692 2105 ltbatts
701 2054 805 2119 viribus
818 2055 842 2105 1·

85 2136 171 2188 taliam
183 2135 378 2201 aggrediendam
390 2134 497 2186 censent.
516 2133 655 2184 Multitudo
670 2134 774 2185 timebat
784 2119 841 2210 qui·

85 2214 143 2266 dem
159 2213 265 2280 hostem,
290 2213 407 2266 nondum
424 2213 556 2264 obliteratd
572 2214 691 2264 memoria
707 2212 853 2281 superioria

83 2291 160 2348 belli·
166 2290 230 2343 secl
239 2293 328 2357 magis
333 2294 382 2344 iter
396 2289 545 2342 immensum
562 2290 704 2358 Alpesque,
711 2306 763 2343 tem
773 2288 851 2346 latu&

84 2383 173 2438 utique
182 2371 320 2438 inexpertis
329 2369 486 2432 horrendam,
505 2369 652 2418 metuebam

117 2455 209 2501 XXX.
227 2452 315 2518 Itaque
325 2447 459 2509 Hannibal,
472 2447 601 2516 postquam
612 2446 785 2515 ipfisententia
792 2447 848 2499 ni·-

82 2528 114 2580 tit
126 2543 231 2596 pergere
241 2528 286 2588 ire,
302 2537 377 2595 atque
387 2526 485 2577 Italiam
495 2529 586 2593 petere,
603 2525 726 2576 adiocati
735 2529 840 2579 concina

83 2620 123 2671 ne,
141 2607 216 2658 varie
223 2603 332 2656 militum
343 2602 426 2654 versat
441 2604 537 2654 animoa
545 2603 692 2669 castigandi>
702 2603 848 2658 atheran--

83 2682 176 2750 doque.
213 2684 353 2750 Mirarise,
370 2682 459 2750 quinam
470 2681 559 2747 peilam
571 2683 660 2749 semper
676 2683 839 2747 impavidam

79 2775 134 2840 2ens
151 2771 225 2812 tenor
240 2762 358 2828 invaserit
378 2771 425 2827 per
441 2769 473 2811 tot
490 2775 564 2826 annos
562 2761 678 2812 vincentes
689 2749 852 2829 eotstipendie

77 2841 171 2908 facem
189 2821 555 2916 ncqgeantiffitsllanldexceffiffe,
571 2844 854 2911 qnamomnecg'entesque·

83 2923 110 2976 ἁ
123 2931 186 2971 ιιι-ιι
202 2938 237 2988 ιι,
254 2936 307 2990 quat
324 2919 365 2980 duo
376 2919 462 2987 diversa
475 2921 546 2967 maria
555 2932 609 2987 amp
608 2920 719 2984 Ιιθιιιιιιι,
735 2919 845 2969 Kartha-

79 2998 207 3072 ginienfium
225 2997 299 3068 effeni.
337 2993 463 3065 indignatos
479 2997 562 3059 deinde,
577 2999 639 3065 quid,
662 2997 777 3063 quicunque
794 3000 846 3048 Sa-

78 3088 170 3154 guitum
181 3077 313 3153 obsediffenl,
330 3075 392 3132 velut
403 3074 456 3206 llG
437 3073 575 3145 noxam,fil
554 3076 634 3130 baledin
642 3073 759 3144 postularet
764 3087 846 3202 pope-

465 3167 492 3214 5
