2000 3709
156 331 200 369 um
218 318 358 381 deditaVsR
376 312 653 387 eoaflusque'consenl'ti
672 311 758 387 pupilli
771 322 910 373 Co'tdesltis‘

159 396 277 446 Barbatus
289 400 403 463 pontifex
415 402 539 448 maximus
549 400 626 448 verba
637 395 732 465 preire,
749 414 827 463 quum
848 416 901 450 mo·

158 478 314 540 remajorum
333 490 442 545 negaret,
459 479 505 527 nisi
521 478 645 527 consulent
662 489 705 527 aut
722 479 902 543 imperatorem,

157 553 224 621 posse
235 556 356 621 templum
368 557 490 606 dedicare.
526 560 614 621 Itaque
625 570 658 605 ex
674 556 819 604 austoritate
836 556 904 605 sena·

157 632 286 681 tristatum
305 633 336 682 ad
355 634 475 701 populum
491 633 534 694 est,
551 633 650 699 nequis
667 633 786 698 templum
801 648 905 683 aramve

157 709 251 781 injussu¹
265 708 360 761 senatus
377 721 420 760 aut
435 711 592 760 tribunorum
615 711 695 777 plebel
709 712 786 776 partis
802 711 905 772 majoris

85 840 87 849 s
157 788 291 838 dedicaret.
326 791 399 840 Haud
413 789 598 841 memorabilem
607 805 658 839 rem
670 790 755 857 perse,
771 790 814 837 nisi
826 789 903 839 docu-

157 869 269 915 mentum
287 866 315 917 stt
335 867 451 917 adversus
468 866 608 933 superbiam
627 866 749 915 nobilium
761 867 861 931 plebeiae
870 869 902 916 ii-

157 942 267 1005 bertatis,
283 944 397 993 reseram.
432 944 472 1015 Ad
485 944 606 1007 collegam
624 958 715 1007 aegrum
726 943 822 995 visendi
831 944 904 992 causd

156 1021 256 1091 Flavius
272 1038 347 1087 quum
366 1020 477 1081 venisset,
495 1020 664 1085 consensuque
680 1021 801 1071 nobilium
816 1020 902 1070 adole·

154 1097 283 1163 scentium,
302 1101 343 1164 qui
359 1100 394 1149 ibi
406 1089 546 1158 assidebant
562 1098 717 1148 assuneslum
732 1100 755 1146 ei
766 1096 818 1147 n‘o'n
834 1099 901 1162 esset,
920 1084 927 1097 ⁸

155 1176 266 1224 curulem
277 1174 359 1224 asserti
369 1176 450 1225 sellam
462 1164 573 1237 ebjuilii'‚
590 1190 619 1223 ae
631 1174 685 1223 sed'e
698 1176 799 1223 honoris
810 1174 846 1223 sui
859 1190 902 1224 an·

154 1252 211 1301 xios
224 1250 322 1300 invidis
330 1254 442 1301 inimicos
455 1250 582 1319 spellarit.
619 1254 733 1299 Ceterum
741 1252 856 1301 Flavium
865 1252 904 1301 di-

154 1340 227 1378 xerat
240 1329 332 1378 aedilem
352 1329 452 1381 sorensis
470 1326 554 1389 saflio,
572 1332 621 1392 Ap.
635 1328 732 1378 Claudii
742 1327 843 1377 censuri
859 1330 901 1375 vi·

154 1421 192 1453 res
204 1404 280 1467 nasia,
298 1407 341 1471 qui
353 1402 463 1457 sehatum
475 1406 568 1471 primus
581 1404 754 1454 libertinorum
765 1399 823 1453 filiis
831 1403 900 1454 ledis

152 1484 333 1547 inquinaverat.
352 1482 522 1549 &postquam
542 1496 597 1530 eam
614 1481 744 1531 lestionem
761 1496 836 1531 nemo
858 1496 898 1529 ta-

47 1606 54 1617 ,
154 1571 204 1609 tam
223 1560 318 1622 habuit,
336 1574 381 1609 nec
398 1560 504 1609 incuria
518 1558 692 1625 ademissent,
709 1574 769 1623 quas
786 1560 901 1624 petierat,

153 1650 213 1700 opes
225 1634 346 1695 urbanss5
364 1636 496 1685 humilibus
508 1648 553 1701 per
561 1646 647 1684 omues
660 1635 739 1683 tribus
749 1632 841 1696 divisis,
858 1636 900 1684 so·

152 1726 207 1761 rum
220 1711 245 1760 dt
257 1715 369 1778 eampum
381 1714 501 1780 eorrupit.
529 1720 676 1777 tantumque
695 1712 777 1761 flavii
794 1713 899 1763 comitia

153 1788 305 1853 indignitatis
320 1790 466 1851 hahuerunt,
484 1798 513 1838 ut
529 1790 639 1856 plerique
655 1789 776 1838 nobilium
793 1791 899 1839 annulos

151 1878 239 1923 aureos
250 1864 275 1914 ἀ
288 1866 397 1930 phaleras
407 1864 568 1929 deponerent.
602 1867 642 1913 Ex
651 1880 683 1913 eo
691 1874 804 1929 tempore
816 1866 841 1912 in
851 1864 899 1913 du·

150 1956 177 1989 as
189 1940 379 2007 partesdisceffit
390 1936 487 1991 civitas.
505 1941 571 1990 alitid
583 1943 679 2003 integer
688 1941 801 2006 populus,
812 1940 897 1993 sa'utor

150 2018 176 2067 dt
191 2018 272 2067 cultor
287 2020 419 2080 bonorutm
436 2018 503 2067 aliud
518 2016 618 2067 sorensis
629 2016 703 2067 sessio
720 2018 832 2078 tenebat;
849 2019 897 2069 do-

149 2094 196 2145 ne'c
208 2100 242 2159 Q.
255 2094 344 2145 Fabius
356 2096 381 2145 ἃ
391 2099 417 2144 Ρ.
431 2096 523 2144 Decius
531 2094 643 2143 censores
649 2093 859 2158 sauizurabiis,
866 2096 897 2147 st-

58 2206 59 2213 κ
149 2172 202 2220 mul
210 2172 349 2223 concordiae
358 2173 443 2233 eausa
454 2171 525 2231 simul
533 2186 566 2220 ne
580 2171 776 2221 htunillimorum
784 2172 811 2219 in
819 2187 901 2223 manu·

148 2249 250 2297 comitia
261 2248 344 2308 essent,
362 2264 461 2299 omnent
475 2248 599 2298 sorensem
615 2248 714 2296 unbem
730 2252 897 2301 excretamin

148 2326 256 2392 quatuor
281 2324 359 2374 tribus
379 2324 494 2387 conjecit,
518 2322 672 2389 urbanasque
688 2337 730 2371 eas
748 2325 896 2389 appellavit.

146 2402 258 2467 adeoque
270 2418 325 2451 eam
339 2416 393 2450 rem
409 2411 537 2467 acceptam
556 2401 636 2465 gratis
648 2399 736 2449 anisnis
753 2398 845 2466 serunt⁷
862 2415 894 2456 ut

147 2480 256 2527 Maximi
272 2492 418 2542 cognomen,
435 2477 502 2543 qu'od
511 2488 551 2527 tot
566 2476 679 2526 vidonis
692 2491 744 2526 non
754 2492 894 2548 pepererat,

148 2554 196 2617 bae
206 2554 321 2604 ordinum
337 2554 514 2621 temperatione
526 2564 632 2619 pareret.
670 2552 713 2601 Ab
723 2552 812 2601 eodem
825 2556 895 2606 insti·

146 2631 335 2697 mundiciam,
351 2638 379 2683 ut
393 2631 488 2701 equites
504 2630 590 2685 Idibus
598 2630 764 2697 Qtinffillbus
779 2632 894 2684 nenive

143 2706 273 2765 matie.

717 2880 898 3008 stibii-R
