2000 3709
153 265 207 329 476
411 259 674 343 ‘lsLivis

153 355 298 421 estimarent,
315 373 359 412 eos
370 361 548 427 karthaginetn
557 360 641 412 duxit.
658 359 784 414 umterri
792 361 916 432 marique
985 349 987 352 ’

154 447 209 486 eam
222 440 362 505 oppugnari
370 440 451 504 jubet.
909 477 913 483 ·

187 517 285 568 XLIV.
305 523 399 571 Contra
415 521 495 584 Mago
515 521 648 572 Poenorum
666 519 729 585 dux,
747 534 826 587 quum
844 521 911 572 terra
985 521 987 531 '

152 597 266 662 marique
278 599 362 652 instrui
375 599 588 670 oppugnationem
600 601 707 664 videret,
724 601 751 653 ἃ
760 601 813 670 ipse
824 600 911 668 copias
985 655 987 674 Ι

153 675 189 727 ita
209 677 329 746 disponit.
364 681 553 748 oppidanorum
571 680 623 732 duo
640 681 718 731 miliia
734 681 768 732 ab
784 697 814 730 ca
831 674 911 748 parte,
985 680 987 696 ³

152 755 202 824 qud
214 757 289 808 eastra
303 761 416 812 Romana
430 768 508 820 erant,
525 754 649 827 opporsrt:
666 760 813 826 quingentis
823 760 912 810 miiiti-

152 831 200 886 but
211 852 293 888 arcem
307 839 408 896 insedit:
427 840 576 906 quingentos
588 839 685 888 tumulo
697 839 767 888 urbis
784 840 812 888 in
827 841 911 888 orien-
985 891 987 900 ,

150 921 204 963 tern
217 914 289 966 verso
302 916 423 985 imponit:
440 917 627 967 multitudinem
639 916 722 978 aliam,
738 921 792 981 qud
804 916 912 978 clamor,

152 997 204 1058 qud
222 993 303 1044 subita
315 996 425 1046 voctffet
436 1012 481 1060 ret,
498 997 620 1047 intentam
635 995 667 1046 ad
682 995 767 1046 omnia
777 1008 913 1045 occurrere

148 1067 231 1135 iubet.
267 1073 390 1126 Patesesta
407 1074 495 1126 deinde
515 1076 595 1142 porti,
611 1091 662 1139 cos,
681 1091 744 1141 quos
758 1076 787 1126 in
808 1075 855 1123 via
874 1072 910 1123 se·

150 1159 220 1200 rente
230 1150 261 1200 ad
273 1153 348 1202 casira
364 1154 470 1204 hostium
488 1152 646 1215 instruxerat,
663 1153 751 1202 mittit,
787 1150 911 1214 Romani,

95 1273 107 1284 ,
149 1223 214 1277 duce
232 1227 286 1295 ipso
304 1232 470 1300 precipiente,
488 1245 622 1300 pammper
639 1229 736 1292 cessere,
753 1219 910 1297 ut'propio-

150 1320 189 1359 tet
201 1305 310 1360 subfidiis
323 1311 348 1360 in
358 1312 493 1361 certamine
508 1309 562 1376 ipso
574 1309 747 1359 submittendis
756 1307 844 1358 essent.
878 1307 913 1358 Et

152 1386 235 1456 primd
247 1388 311 1439 haud
322 1391 409 1458 impari
423 1391 508 1440 stetere
519 1390 589 1439 acie:
607 1387 711 1438 subsidia
723 1388 823 1451 deinde,
841 1388 912 1438 iden·

150 1464 228 1518 tidem
242 1465 357 1518 submissa
377 1469 491 1529 ecastris,
509 1484 560 1517 uon
574 1477 721 1518 averterunt
733 1465 814 1516 solum
832 1466 859 1515 in
870 1465 910 1515 su·

150 1557 209 1609 gam
222 1546 308 1608 hostes,
326 1545 367 1597 sed
383 1547 447 1598 aden
465 1545 545 1596 effusa
562 1546 709 1608 institerunt,
726 1557 763 1607 ut,
781 1544 827 1594 nis
841 1560 910 1594 rece·

149 1623 204 1690 ptui
219 1625 351 1689 cecinisset,
370 1627 487 1694 permixti
500 1624 652 1689 sugientibuc
663 1625 782 1690 irrupturi
797 1621 871 1672 fuisse
882 1624 912 1672 ἐπ

149 1701 238 1752 urbem
251 1704 405 1756 viderentur.
424 1703 572 1772 Trepidatio
582 1707 644 1752 verd
655 1719 707 1753 nou
716 1702 741 1751 in
752 1701 842 1768 proelio
854 1717 907 1751 rna·

145 1780 198 1846 jot,
215 1788 289 1848 quam
302 1785 354 1835 toti
371 1783 433 1836 urbe
450 1783 508 1834 suit.
525 1783 610 1832 multa
621 1782 737 1840 tationes
752 1796 851 1850 pavore
867 1789 906 1830 ae

148 1873 199 1924 que
218 1856 278 1924 suga
297 1859 398 1913 deserte
418 1858 626 1925 surrentinique
645 1858 728 1918 muri3
750 1872 840 1922 quum,
857 1855 910 1923 qud

149 1936 241 2002 cuique
253 1949 306 1988 erat
318 1929 471 2007 proximum,
487 1934 643 1988 desiluissent.
679 1934 756 2000 Quod
768 1935 813 1986 ubi
825 1933 907 2000 egres:

148 2011 188 2068 sus
207 2017 290 2084 Scipio
307 2019 332 2068 in
350 2018 482 2084 tumulum,
500 2033 575 2084 quem
590 2015 713 2066 Mercurii
731 2025 836 2079 vocant,
853 2015 907 2065 aui-
985 2048 986 2051 κ

147 2093 292 2156 madvertit‚
309 2097 393 2148 multis
405 2097 516 2164 parribus
528 2094 620 2146 nudata
634 2092 807 2144 defensoribus
816 2093 908 2144 moenia

149 2169 215 2236 esse;
232 2189 319 2224 omnes
333 2178 347 2225 ὲ
362 2177 444 2227 castris
460 2176 557 2225 excitos
569 2174 605 2223 ire
614 2173 645 2223 ad
656 2171 853 2240 oppugnandam
864 2187 906 2222 ur·

150 2245 218 2313 bem,
236 2251 262 2301 δι
271 2251 335 2302 serre
344 2250 419 2304 scalas
427 2253 508 2318 jubet.
526 2251 585 2319 ipse,
604 2251 679 2300 trium
689 2265 738 2317 prae
750 2248 905 2312 sejuvenum

148 2325 292 2378 validorum
311 2329 385 2380 scutis
403 2329 533 2398 oppositis,
553 2328 650 2390 (iugem
666 2328 732 2376 enim
748 2324 799 2389 jam
818 2325 857 2374 vit
873 2339 903 2374 o·

149 2405 214 2456 mnis
228 2409 324 2470 generis
337 2409 443 2458 reiorum
457 2411 471 2458 ὲ
486 2405 692 2470 muridvolabat)
708 2403 740 2452 ad
751 2395 839 2452 urbem
849 2401 902 2452 suc·
985 2397 987 2463 J

148 2481 224 2546 cedit,
242 2485 364 2548 hortatur,
381 2488 495 2553 imperat,
513 2501 567 2552 quae
586 2484 611 2533 in
629 2500 682 2532 rem
694 2480 768 2531 sunt:
785 2478 905 2545 quodque

149 2559 284 2628 plurimum
304 2561 336 2612 ad
356 2561 526 2614 accendendos
545 2562 651 2612 rnilitum
669 2561 767 2609 animos
778 2558 906 2623 intererat,

149 2637 215 2688 testis
228 2636 398 2706 spetiatorque
409 2641 512 2691 virtutis
523 2649 599 2705 atque
611 2638 719 2704 ignaviae
731 2634 853 2702 cujusque
863 2635 905 2687 ad·

149 2713 191 2766 esi.
227 2717 315 2781 Itaque
328 2719 470 2770 invulncra
481 2736 511 2770 ac
523 2715 572 2768 tela
583 2728 673 2777 ruunt;
689 2730 771 2782 neque
783 2715 907 2766 illoc-mu·
985 2722 986 2775 i

150 2795 181 2856 ri,
198 2809 277 2860 neque
290 2789 450 2862 superstantes
461 2798 550 2857 annati
565 2811 648 2846 arcere
658 2803 763 2860 queunt,
781 2792 844 2858 quin
856 2809 906 2844 cer·
985 2788 986 2829 i

45 2900 52 2908 «
150 2870 379 2926 tatimascendant.
414 2875 447 2924 Et
464 2873 497 2924 ab
515 2873 623 2924 navibus
638 2869 726 2921 eodem
742 2881 906 2937 temporeea,
985 2866 987 2932 ff

84 2947 87 2956 '
150 2963 206 3012 quae
216 2949 278 2996 mari
290 2949 398 3012 alluitur,
409 2965 465 3016 part
476 2949 544 3000 urbis
556 2948 788 3017 bppugnaricoepta
800 2947 843 2996 eu.
859 2951 905 2998 (ἴοι

150 3026 231 3070 terum
245 3025 364 3073 tumultus
381 3025 438 3074 inde
449 3025 539 3088 major,
556 3031 631 3090 quam
644 3025 690 3087 vis,
707 3023 820 3073 adhiberi
832 3035 904 3089 pore·

147 3103 196 3147 tat.
214 3093 273 3148 duna
290 3099 427 3166 applicant,
445 3099 506 3152 dum
516 3101 609 3169 partim
626 3111 758 3170 exponunt
768 3086 902 3233 iffiqulu‘,
980 3188 987 3255 i
