<?xml version="1.0" encoding="UTF-8"?>
<!DOCTYPE html PUBLIC "-//W3C//DTD XHTML 1.0 Transitional//EN"
    "http://www.w3.org/TR/xhtml1/DTD/xhtml1-transitional.dtd">
<html xmlns="http://www.w3.org/1999/xhtml" xml:lang="en" lang="en">
 <head>
  <title>
</title>
<meta http-equiv="Content-Type" content="text/html;charset=utf-8" />
  <meta name='ocr-system' content='tesseract 3.04.00' />
  <meta name='ocr-capabilities' content='ocr_page ocr_carea ocr_par ocr_line ocrx_word'/>
</head>
<body>
  <div class='ocr_page' id='page_1' title='image "./titiliviipatavi01ruddgoog_0268.png"; bbox 0 0 2000 3709; ppageno 0'>
   <div class='ocr_carea' id='block_1_1' title="bbox 153 264 674 317">
    <p class='ocr_par' dir='ltr' id='par_1_1' title="bbox 153 264 674 317">
     <span class='ocr_line' id='line_1_1' title="bbox 153 264 674 317; baseline -0.006 0"><span class='ocrx_word' id='word_1_1' title='bbox 153 264 204 317; x_wconf 61' lang='grc' dir='ltr'>δίο</span> <span class='ocrx_word' id='word_1_2' title='bbox 366 272 370 277; x_wconf 86' lang='grc'><strong>’</strong></span> <span class='ocrx_word' id='word_1_3' title='bbox 416 265 674 315; x_wconf 45' lang='lat' dir='ltr'>T.L1v111</span> 
     </span>
    </p>
   </div>
   <div class='ocr_carea' id='block_1_2' title="bbox 95 351 980 2991">
    <p class='ocr_par' dir='ltr' id='par_1_2' title="bbox 95 351 980 2991">
     <span class='ocr_line' id='line_1_2' title="bbox 151 351 922 418; baseline 0.003 -17"><span class='ocrx_word' id='word_1_4' title='bbox 151 360 245 403; x_wconf 79' lang='lat' dir='ltr'>rarent-</span> <span class='ocrx_word' id='word_1_5' title='bbox 281 352 316 405; x_wconf 77' lang='lat' dir='ltr'>Ea</span> <span class='ocrx_word' id='word_1_6' title='bbox 328 369 359 405; x_wconf 89' lang='lat' dir='ltr'>rre</span> <span class='ocrx_word' id='word_1_7' title='bbox 370 353 466 415; x_wconf 85' lang='lat' dir='ltr'>fierent,</span> <span class='ocrx_word' id='word_1_8' title='bbox 483 371 532 404; x_wconf 84' lang='lat' dir='ltr'>neu</span> <span class='ocrx_word' id='word_1_9' title='bbox 543 357 635 418; x_wconf 82' lang='lat' dir='ltr'>legatio</span> <span class='ocrx_word' id='word_1_10' title='bbox 647 354 793 404; x_wconf 74' lang='lat' dir='ltr'><strong>mitteretur</strong></span> <span class='ocrx_word' id='word_1_11' title='bbox 814 353 851 403; x_wconf 81' lang='lat' dir='ltr'>acl</span> <span class='ocrx_word' id='word_1_12' title='bbox 864 351 922 403; x_wconf 74' lang='lat' dir='ltr'>Pae·</span> 
     </span>
     <span class='ocr_line' id='line_1_3' title="bbox 154 431 923 499; baseline -0.003 -18"><span class='ocrx_word' id='word_1_13' title='bbox 154 442 223 491; x_wconf 81' lang='lat' dir='ltr'>num,</span> <span class='ocrx_word' id='word_1_14' title='bbox 242 431 335 483; x_wconf 77' lang='lat' dir='ltr'>summi</span> <span class='ocrx_word' id='word_1_15' title='bbox 348 448 397 499; x_wconf 88' lang='lat' dir='ltr'>ope</span> <span class='ocrx_word' id='word_1_16' title='bbox 411 435 503 482; x_wconf 83' lang='lat' dir='ltr'>Decius</span> <span class='ocrx_word' id='word_1_17' title='bbox 514 434 621 497; x_wconf 77' lang='lat' dir='ltr'>Magius,</span> <span class='ocrx_word' id='word_1_18' title='bbox 640 434 682 482; x_wconf 85' lang='lat' dir='ltr'>vir</span> <span class='ocrx_word' id='word_1_19' title='bbox 692 434 733 482; x_wconf 89' lang='lat' dir='ltr'>cui</span> <span class='ocrx_word' id='word_1_20' title='bbox 743 432 774 481; x_wconf 87' lang='lat' dir='ltr'>ad</span> <span class='ocrx_word' id='word_1_21' title='bbox 788 432 923 481; x_wconf 81' lang='lat' dir='ltr'>summam</span> 
     </span>
     <span class='ocr_line' id='line_1_4' title="bbox 153 499 922 575; baseline 0 -20"><span class='ocrx_word' id='word_1_22' title='bbox 153 499 325 557; x_wconf 81' lang='lat' dir='ltr'>ausinritatem</span> <span class='ocrx_word' id='word_1_23' title='bbox 339 509 408 571; x_wconf 87' lang='lat' dir='ltr'>nihil,</span> <span class='ocrx_word' id='word_1_24' title='bbox 426 520 516 575; x_wconf 76' lang='lat' dir='ltr'>prater</span> <span class='ocrx_word' id='word_1_25' title='bbox 527 508 609 557; x_wconf 89' lang='lat' dir='ltr'>sanam</span> <span class='ocrx_word' id='word_1_26' title='bbox 621 510 717 558; x_wconf 79' lang='lat' dir='ltr'>cirrium</span> <span class='ocrx_word' id='word_1_27' title='bbox 729 516 856 569; x_wconf 79' lang='lat' dir='ltr'>mentem,</span> <span class='ocrx_word' id='word_1_28' title='bbox 875 507 922 555; x_wconf 86' lang='lat' dir='ltr'>de·</span> 
     </span>
     <span class='ocr_line' id='line_1_5' title="bbox 151 580 923 653; baseline -0.005 -18"><span class='ocrx_word' id='word_1_29' title='bbox 151 580 208 643; x_wconf 82' lang='lat' dir='ltr'>suit,</span> <span class='ocrx_word' id='word_1_30' title='bbox 227 585 355 635; x_wconf 81' lang='lat' dir='ltr'>restiterat.</span> <span class='ocrx_word' id='word_1_31' title='bbox 375 582 402 635; x_wconf 71' lang='lat' dir='ltr'>&#39;ut</span> <span class='ocrx_word' id='word_1_32' title='bbox 414 591 476 635; x_wconf 80' lang='lat' dir='ltr'>verb</span> <span class='ocrx_word' id='word_1_33' title='bbox 492 587 627 653; x_wconf 83' lang='lat' dir='ltr'>praesrdium</span> <span class='ocrx_word' id='word_1_34' title='bbox 639 588 706 636; x_wconf 88' lang='lat' dir='ltr'>mitti</span> <span class='ocrx_word' id='word_1_35' title='bbox 717 587 751 636; x_wconf 90' lang='lat' dir='ltr'>ab</span> <span class='ocrx_word' id='word_1_36' title='bbox 764 585 923 636; x_wconf 79' lang='lat' dir='ltr'>Hannibale</span> 
     </span>
     <span class='ocr_line' id='line_1_6' title="bbox 151 660 923 731; baseline 0 -20"><span class='ocrx_word' id='word_1_37' title='bbox 151 660 259 726; x_wconf 82' lang='lat' dir='ltr'>audivit,</span> <span class='ocrx_word' id='word_1_38' title='bbox 279 666 368 731; x_wconf 79' lang='lat' dir='ltr'>Pyrrhi</span> <span class='ocrx_word' id='word_1_39' title='bbox 391 663 524 731; x_wconf 84' lang='lat' dir='ltr'>superbam</span> <span class='ocrx_word' id='word_1_40' title='bbox 546 665 756 727; x_wconf 80' lang='lat' dir='ltr'>dominationem,</span> <span class='ocrx_word' id='word_1_41' title='bbox 779 663 923 713; x_wconf 83' lang='lat' dir='ltr'>miserabi-</span> 
     </span>
     <span class='ocr_line' id='line_1_7' title="bbox 151 738 974 830; baseline 0 -39"><span class='ocrx_word' id='word_1_42' title='bbox 151 738 248 806; x_wconf 83' lang='lat' dir='ltr'>lemque</span> <span class='ocrx_word' id='word_1_43' title='bbox 271 744 467 793; x_wconf 77' lang='lat' dir='ltr'>Tarentinorum</span> <span class='ocrx_word' id='word_1_44' title='bbox 487 741 640 804; x_wconf 88' lang='lat' dir='ltr'>servitutem,</span> <span class='ocrx_word' id='word_1_45' title='bbox 657 744 774 810; x_wconf 86' lang='lat' dir='ltr'>exempla</span> <span class='ocrx_word' id='word_1_46' title='bbox 792 742 922 804; x_wconf 78' lang='lat' dir='ltr'>reserens,</span> <span class='ocrx_word' id='word_1_47' title='bbox 971 745 974 830; x_wconf 52' lang='lat' dir='ltr'>p</span> 
     </span>
     <span class='ocr_line' id='line_1_8' title="bbox 150 813 975 920; baseline 0.002 -53"><span class='ocrx_word' id='word_1_48' title='bbox 150 820 242 887; x_wconf 81' lang='lat' dir='ltr'>primo,</span> <span class='ocrx_word' id='word_1_49' title='bbox 261 837 291 870; x_wconf 89' lang='lat' dir='ltr'>ne</span> <span class='ocrx_word' id='word_1_50' title='bbox 312 824 463 887; x_wconf 85' lang='lat' dir='ltr'>reciperetur</span> <span class='ocrx_word' id='word_1_51' title='bbox 482 813 731 888; x_wconf 50' lang='lat' dir='ltr'>praesidiumspalam</span> <span class='ocrx_word' id='word_1_52' title='bbox 753 821 922 872; x_wconf 73' lang='lat' dir='ltr'>vociferatus</span> <span class='ocrx_word' id='word_1_53' title='bbox 973 853 975 920; x_wconf 48' lang='lat' dir='ltr'>q</span> 
     </span>
     <span class='ocr_line' id='line_1_9' title="bbox 151 897 976 968; baseline 0 -19"><span class='ocrx_word' id='word_1_54' title='bbox 151 897 200 949; x_wconf 79' lang='lat' dir='ltr'>esi:</span> <span class='ocrx_word' id='word_1_55' title='bbox 219 899 316 961; x_wconf 85' lang='lat' dir='ltr'>deinde,</span> <span class='ocrx_word' id='word_1_56' title='bbox 333 914 361 951; x_wconf 91' lang='lat' dir='ltr'>ut</span> <span class='ocrx_word' id='word_1_57' title='bbox 373 913 499 966; x_wconf 87' lang='lat' dir='ltr'>receptum</span> <span class='ocrx_word' id='word_1_58' title='bbox 511 912 554 949; x_wconf 88' lang='lat' dir='ltr'>aut</span> <span class='ocrx_word' id='word_1_59' title='bbox 565 901 705 963; x_wconf 82' lang='lat' dir='ltr'>ejiceretur,</span> <span class='ocrx_word' id='word_1_60' title='bbox 719 912 773 963; x_wconf 83' lang='lat' dir='ltr'>aut,</span> <span class='ocrx_word' id='word_1_61' title='bbox 787 900 920 949; x_wconf 81' lang='lat' dir='ltr'>fimalunr</span> <span class='ocrx_word' id='word_1_62' title='bbox 974 963 976 968; x_wconf 28' lang='grc' dir='ltr'>Ι</span> 
     </span>
     <span class='ocr_line' id='line_1_10' title="bbox 95 973 976 1043; baseline -0.003 -14"><span class='ocrx_word' id='word_1_63' title='bbox 95 1027 99 1033; x_wconf 89' lang='grc'><strong>,</strong></span> <span class='ocrx_word' id='word_1_64' title='bbox 149 976 254 1035; x_wconf 80' lang='lat' dir='ltr'>sacinus,</span> <span class='ocrx_word' id='word_1_65' title='bbox 272 980 339 1043; x_wconf 79' lang='lat' dir='ltr'>quod</span> <span class='ocrx_word' id='word_1_66' title='bbox 357 986 372 1029; x_wconf 75' lang='lat' dir='ltr'>d</span> <span class='ocrx_word' id='word_1_67' title='bbox 390 978 554 1029; x_wconf 79' lang='lat' dir='ltr'>vetustissimis</span> <span class='ocrx_word' id='word_1_68' title='bbox 575 979 648 1029; x_wconf 82' lang='lat' dir='ltr'>sociis</span> <span class='ocrx_word' id='word_1_69' title='bbox 667 978 921 1043; x_wconf 72' lang='lat' dir='ltr'>consanguineisque</span> <span class='ocrx_word' id='word_1_70' title='bbox 974 973 976 1026; x_wconf 67' lang='grc' dir='ltr'>ζ</span> 
     </span>
     <span class='ocr_line' id='line_1_11' title="bbox 150 1050 919 1122; baseline 0 -19"><span class='ocrx_word' id='word_1_71' title='bbox 150 1050 302 1117; x_wconf 68' lang='lat' dir='ltr'>defecissent,</span> <span class='ocrx_word' id='word_1_72' title='bbox 320 1055 381 1107; x_wconf 90' lang='lat' dir='ltr'>sorti</span> <span class='ocrx_word' id='word_1_73' title='bbox 393 1070 421 1104; x_wconf 87' lang='lat' dir='ltr'>ae</span> <span class='ocrx_word' id='word_1_74' title='bbox 432 1054 592 1118; x_wconf 82' lang='lat' dir='ltr'>memorabili</span> <span class='ocrx_word' id='word_1_75' title='bbox 604 1054 715 1104; x_wconf 84' lang='lat' dir='ltr'>facinore</span> <span class='ocrx_word' id='word_1_76' title='bbox 726 1069 841 1122; x_wconf 80' lang='lat' dir='ltr'>purgare</span> <span class='ocrx_word' id='word_1_77' title='bbox 859 1054 919 1103; x_wconf 84' lang='lat' dir='ltr'>vel·</span> 
     </span>
     <span class='ocr_line' id='line_1_12' title="bbox 151 1129 918 1200; baseline 0.004 -21"><span class='ocrx_word' id='word_1_78' title='bbox 151 1129 212 1192; x_wconf 90' lang='lat' dir='ltr'>lent,</span> <span class='ocrx_word' id='word_1_79' title='bbox 230 1143 268 1194; x_wconf 89' lang='lat' dir='ltr'>ut,</span> <span class='ocrx_word' id='word_1_80' title='bbox 285 1133 416 1191; x_wconf 66' lang='lat' dir='ltr'>intersetlo</span> <span class='ocrx_word' id='word_1_81' title='bbox 439 1134 534 1183; x_wconf 86' lang='lat' dir='ltr'>Punico</span> <span class='ocrx_word' id='word_1_82' title='bbox 556 1131 677 1200; x_wconf 79' lang='lat' dir='ltr'>praefidio,</span> <span class='ocrx_word' id='word_1_83' title='bbox 703 1132 868 1182; x_wconf 87' lang='lat' dir='ltr'>reslituerent</span> <span class='ocrx_word' id='word_1_84' title='bbox 889 1130 918 1181; x_wconf 90' lang='lat' dir='ltr'>se</span> 
     </span>
     <span class='ocr_line' id='line_1_13' title="bbox 150 1208 918 1277; baseline 0.003 -18"><span class='ocrx_word' id='word_1_85' title='bbox 150 1208 280 1259; x_wconf 72' lang='lat' dir='ltr'>Romanis.</span> <span class='ocrx_word' id='word_1_86' title='bbox 305 1213 365 1259; x_wconf 78' lang='lat' dir='ltr'>Hac</span> <span class='ocrx_word' id='word_1_87' title='bbox 376 1214 467 1277; x_wconf 89' lang='lat' dir='ltr'>(neque</span> <span class='ocrx_word' id='word_1_88' title='bbox 478 1210 546 1259; x_wconf 91' lang='lat' dir='ltr'>enim</span> <span class='ocrx_word' id='word_1_89' title='bbox 558 1210 654 1260; x_wconf 73' lang='lat' dir='ltr'>occulte</span> <span class='ocrx_word' id='word_1_90' title='bbox 665 1208 816 1275; x_wconf 80' lang='lat' dir='ltr'>agebantur)</span> <span class='ocrx_word' id='word_1_91' title='bbox 828 1224 918 1277; x_wconf 86' lang='lat' dir='ltr'>quum</span> 
     </span>
     <span class='ocr_line' id='line_1_14' title="bbox 149 1287 917 1358; baseline -0.003 -17"><span class='ocrx_word' id='word_1_92' title='bbox 149 1287 227 1341; x_wconf 77' lang='lat' dir='ltr'>telate</span> <span class='ocrx_word' id='word_1_93' title='bbox 240 1290 374 1339; x_wconf 75' lang='lat' dir='ltr'>Hannibali</span> <span class='ocrx_word' id='word_1_94' title='bbox 386 1289 469 1352; x_wconf 81' lang='lat' dir='ltr'>essent,</span> <span class='ocrx_word' id='word_1_95' title='bbox 481 1290 564 1356; x_wconf 83' lang='lat' dir='ltr'>primo</span> <span class='ocrx_word' id='word_1_96' title='bbox 571 1289 645 1353; x_wconf 80' lang='lat' dir='ltr'>mist,</span> <span class='ocrx_word' id='word_1_97' title='bbox 661 1289 705 1355; x_wconf 91' lang='lat' dir='ltr'>qui</span> <span class='ocrx_word' id='word_1_98' title='bbox 713 1298 839 1358; x_wconf 72' lang='lat' dir='ltr'>rqmrent</span> <span class='ocrx_word' id='word_1_99' title='bbox 849 1292 917 1339; x_wconf 81' lang='lat' dir='ltr'>Ma·</span> 
     </span>
     <span class='ocr_line' id='line_1_15' title="bbox 149 1364 980 1431; baseline 0.002 -18"><span class='ocrx_word' id='word_1_100' title='bbox 149 1364 221 1431; x_wconf 65' lang='lat' dir='ltr'>pium</span> <span class='ocrx_word' id='word_1_101' title='bbox 232 1365 263 1415; x_wconf 90' lang='lat' dir='ltr'>ad</span> <span class='ocrx_word' id='word_1_102' title='bbox 277 1364 326 1415; x_wconf 89' lang='lat' dir='ltr'>sese</span> <span class='ocrx_word' id='word_1_103' title='bbox 343 1368 369 1416; x_wconf 88' lang='lat' dir='ltr'>in</span> <span class='ocrx_word' id='word_1_104' title='bbox 381 1366 473 1417; x_wconf 81' lang='lat' dir='ltr'>casira:</span> <span class='ocrx_word' id='word_1_105' title='bbox 492 1365 589 1429; x_wconf 89' lang='lat' dir='ltr'>deinde,</span> <span class='ocrx_word' id='word_1_106' title='bbox 606 1381 684 1431; x_wconf 88' lang='lat' dir='ltr'>quum</span> <span class='ocrx_word' id='word_1_107' title='bbox 696 1366 716 1415; x_wconf 86' lang='lat' dir='ltr'>is</span> <span class='ocrx_word' id='word_1_108' title='bbox 727 1364 846 1416; x_wconf 79' lang='lat' dir='ltr'>ferociter</span> <span class='ocrx_word' id='word_1_109' title='bbox 866 1381 917 1415; x_wconf 87' lang='lat' dir='ltr'>ne·</span> <span class='ocrx_word' id='word_1_110' title='bbox 978 1401 980 1406; x_wconf 88' lang='lat'>-</span> 
     </span>
     <span class='ocr_line' id='line_1_16' title="bbox 148 1441 917 1509; baseline 0.005 -16"><span class='ocrx_word' id='word_1_111' title='bbox 148 1441 224 1508; x_wconf 59' lang='lat' dir='ltr'>uisset</span> <span class='ocrx_word' id='word_1_112' title='bbox 241 1443 265 1495; x_wconf 91' lang='lat' dir='ltr'>se</span> <span class='ocrx_word' id='word_1_113' title='bbox 284 1446 385 1509; x_wconf 80' lang='lat' dir='ltr'>iturtun,</span> <span class='ocrx_word' id='word_1_114' title='bbox 403 1445 458 1506; x_wconf 89' lang='lat' dir='ltr'>(nec</span> <span class='ocrx_word' id='word_1_115' title='bbox 475 1446 543 1494; x_wconf 89' lang='lat' dir='ltr'>enim</span> <span class='ocrx_word' id='word_1_116' title='bbox 560 1443 695 1493; x_wconf 75' lang='lat' dir='ltr'>Hannibali</span> <span class='ocrx_word' id='word_1_117' title='bbox 704 1445 746 1509; x_wconf 78' lang='lat' dir='ltr'>jeu</span> <span class='ocrx_word' id='word_1_118' title='bbox 758 1444 811 1493; x_wconf 85' lang='lat' dir='ltr'>esse</span> <span class='ocrx_word' id='word_1_119' title='bbox 828 1444 858 1494; x_wconf 90' lang='lat' dir='ltr'>in</span> <span class='ocrx_word' id='word_1_120' title='bbox 874 1444 917 1497; x_wconf 80' lang='lat' dir='ltr'>ci·</span> 
     </span>
     <span class='ocr_line' id='line_1_17' title="bbox 149 1516 916 1590; baseline 0.007 -19"><span class='ocrx_word' id='word_1_121' title='bbox 149 1536 209 1572; x_wconf 80' lang='lat' dir='ltr'>vern</span> <span class='ocrx_word' id='word_1_122' title='bbox 224 1526 388 1590; x_wconf 80' lang='lat' dir='ltr'>Campanum)</span> <span class='ocrx_word' id='word_1_123' title='bbox 405 1516 545 1576; x_wconf 82' lang='lat' dir='ltr'>coicitatut</span> <span class='ocrx_word' id='word_1_124' title='bbox 562 1523 598 1572; x_wconf 78' lang='lat' dir='ltr'>iri</span> <span class='ocrx_word' id='word_1_125' title='bbox 613 1525 708 1588; x_wconf 77' lang='lat' dir='ltr'>Poenus,</span> <span class='ocrx_word' id='word_1_126' title='bbox 725 1522 916 1589; x_wconf 82' lang='lat' dir='ltr'>comprehendi</span> 
     </span>
     <span class='ocr_line' id='line_1_18' title="bbox 105 1596 913 1669; baseline 0 -20"><span class='ocrx_word' id='word_1_127' title='bbox 105 1596 107 1603; x_wconf 78' lang='grc'><em>’</em></span> <span class='ocrx_word' id='word_1_128' title='bbox 148 1599 288 1663; x_wconf 87' lang='lat' dir='ltr'>hominem,</span> <span class='ocrx_word' id='word_1_129' title='bbox 305 1600 467 1669; x_wconf 78' lang='lat' dir='ltr'>viusiumque</span> <span class='ocrx_word' id='word_1_130' title='bbox 479 1601 571 1651; x_wconf 85' lang='lat' dir='ltr'>attrahi</span> <span class='ocrx_word' id='word_1_131' title='bbox 582 1600 613 1651; x_wconf 91' lang='lat' dir='ltr'>ad</span> <span class='ocrx_word' id='word_1_132' title='bbox 625 1598 649 1651; x_wconf 88' lang='lat' dir='ltr'>se</span> <span class='ocrx_word' id='word_1_133' title='bbox 659 1599 735 1665; x_wconf 74' lang='lat' dir='ltr'>jussit,</span> <span class='ocrx_word' id='word_1_134' title='bbox 753 1602 850 1651; x_wconf 76' lang='lat' dir='ltr'>veritus</span> <span class='ocrx_word' id='word_1_135' title='bbox 863 1600 913 1650; x_wconf 89' lang='lat' dir='ltr'>de·</span> 
     </span>
     <span class='ocr_line' id='line_1_19' title="bbox 148 1672 914 1741; baseline 0.003 -16"><span class='ocrx_word' id='word_1_136' title='bbox 148 1672 215 1739; x_wconf 87' lang='lat' dir='ltr'>inde,</span> <span class='ocrx_word' id='word_1_137' title='bbox 233 1692 264 1727; x_wconf 91' lang='lat' dir='ltr'>ne</span> <span class='ocrx_word' id='word_1_138' title='bbox 276 1676 336 1741; x_wconf 85' lang='lat' dir='ltr'>quid</span> <span class='ocrx_word' id='word_1_139' title='bbox 347 1678 413 1727; x_wconf 83' lang='lat' dir='ltr'>inter</span> <span class='ocrx_word' id='word_1_140' title='bbox 422 1679 475 1727; x_wconf 90' lang='lat' dir='ltr'>vim</span> <span class='ocrx_word' id='word_1_141' title='bbox 487 1678 616 1737; x_wconf 82' lang='lat' dir='ltr'>tumultus,</span> <span class='ocrx_word' id='word_1_142' title='bbox 633 1687 706 1741; x_wconf 86' lang='lat' dir='ltr'>atque</span> <span class='ocrx_word' id='word_1_143' title='bbox 721 1691 754 1727; x_wconf 85' lang='lat' dir='ltr'>ex</span> <span class='ocrx_word' id='word_1_144' title='bbox 769 1677 914 1727; x_wconf 84' lang='lat' dir='ltr'>concitati·</span> 
     </span>
     <span class='ocr_line' id='line_1_20' title="bbox 147 1752 911 1822; baseline 0.001 -17"><span class='ocrx_word' id='word_1_145' title='bbox 147 1768 196 1805; x_wconf 87' lang='lat' dir='ltr'>one</span> <span class='ocrx_word' id='word_1_146' title='bbox 205 1754 347 1805; x_wconf 85' lang='lat' dir='ltr'>anirnorurn</span> <span class='ocrx_word' id='word_1_147' title='bbox 356 1756 488 1807; x_wconf 86' lang='lat' dir='ltr'>inconsulti</span> <span class='ocrx_word' id='word_1_148' title='bbox 497 1756 639 1816; x_wconf 79' lang='lat' dir='ltr'>certaminis</span> <span class='ocrx_word' id='word_1_149' title='bbox 648 1755 763 1819; x_wconf 88' lang='lat' dir='ltr'>oriretur,</span> <span class='ocrx_word' id='word_1_150' title='bbox 772 1752 833 1821; x_wconf 88' lang='lat' dir='ltr'>ipse,</span> <span class='ocrx_word' id='word_1_151' title='bbox 840 1770 911 1822; x_wconf 80' lang='lat' dir='ltr'>prae·</span> 
     </span>
     <span class='ocr_line' id='line_1_21' title="bbox 148 1828 910 1900; baseline -0.003 -17"><span class='ocrx_word' id='word_1_152' title='bbox 148 1828 221 1883; x_wconf 82' lang='lat' dir='ltr'>misso</span> <span class='ocrx_word' id='word_1_153' title='bbox 232 1831 327 1883; x_wconf 90' lang='lat' dir='ltr'>nuncio</span> <span class='ocrx_word' id='word_1_154' title='bbox 345 1832 376 1881; x_wconf 87' lang='lat' dir='ltr'>ad</span> <span class='ocrx_word' id='word_1_155' title='bbox 393 1834 506 1883; x_wconf 85' lang='lat' dir='ltr'>Marium</span> <span class='ocrx_word' id='word_1_156' title='bbox 522 1831 630 1883; x_wconf 82' lang='lat' dir='ltr'>Blntium&#39;</span> <span class='ocrx_word' id='word_1_157' title='bbox 647 1843 777 1900; x_wconf 79' lang='lat' dir='ltr'>praetorem</span> <span class='ocrx_word' id='word_1_158' title='bbox 793 1835 910 1898; x_wconf 81' lang='lat' dir='ltr'>Campa·</span> 
     </span>
     <span class='ocr_line' id='line_1_22' title="bbox 148 1907 911 1979; baseline 0 -20"><span class='ocrx_word' id='word_1_159' title='bbox 148 1922 220 1969; x_wconf 86' lang='lat' dir='ltr'>num,</span> <span class='ocrx_word' id='word_1_160' title='bbox 237 1910 334 1977; x_wconf 86' lang='lat' dir='ltr'>poslcro</span> <span class='ocrx_word' id='word_1_161' title='bbox 355 1910 394 1961; x_wconf 89' lang='lat' dir='ltr'>die</span> <span class='ocrx_word' id='word_1_162' title='bbox 416 1911 440 1960; x_wconf 91' lang='lat' dir='ltr'>se</span> <span class='ocrx_word' id='word_1_163' title='bbox 462 1914 554 1979; x_wconf 71' lang='lat' dir='ltr'>Capua</span> <span class='ocrx_word' id='word_1_164' title='bbox 569 1910 688 1974; x_wconf 83' lang='lat' dir='ltr'>futurum,</span> <span class='ocrx_word' id='word_1_165' title='bbox 706 1907 878 1977; x_wconf 85' lang='lat' dir='ltr'>proficiscitur</span> <span class='ocrx_word' id='word_1_166' title='bbox 894 1913 911 1959; x_wconf 74' lang='grc' dir='ltr'><strong>ὲ</strong></span> 
     </span>
     <span class='ocr_line' id='line_1_23' title="bbox 149 1983 910 2055; baseline 0.004 -22"><span class='ocrx_word' id='word_1_167' title='bbox 149 1984 231 2035; x_wconf 87' lang='lat' dir='ltr'>cassris</span> <span class='ocrx_word' id='word_1_168' title='bbox 244 2002 301 2037; x_wconf 87' lang='lat' dir='ltr'>curn</span> <span class='ocrx_word' id='word_1_169' title='bbox 313 1987 414 2039; x_wconf 87' lang='lat' dir='ltr'>modico</span> <span class='ocrx_word' id='word_1_170' title='bbox 427 1987 547 2055; x_wconf 81' lang='lat' dir='ltr'>praefidio.</span> <span class='ocrx_word' id='word_1_171' title='bbox 560 2002 569 2009; x_wconf 91' lang='lat'><em>·</em></span> <span class='ocrx_word' id='word_1_172' title='bbox 581 1988 678 2037; x_wconf 80' lang='lat' dir='ltr'>Marius</span> <span class='ocrx_word' id='word_1_173' title='bbox 689 1983 810 2036; x_wconf 88' lang='lat' dir='ltr'>concione</span> <span class='ocrx_word' id='word_1_174' title='bbox 820 1985 910 2036; x_wconf 82' lang='lat' dir='ltr'>advo·</span> 
     </span>
     <span class='ocr_line' id='line_1_24' title="bbox 147 2063 910 2131; baseline 0.004 -18"><span class='ocrx_word' id='word_1_175' title='bbox 147 2063 205 2113; x_wconf 66' lang='lat' dir='ltr'>eati</span> <span class='ocrx_word' id='word_1_176' title='bbox 220 2064 303 2129; x_wconf 84' lang='lat' dir='ltr'>edicit,</span> <span class='ocrx_word' id='word_1_177' title='bbox 320 2076 348 2114; x_wconf 92' lang='lat' dir='ltr'>ur</span> <span class='ocrx_word' id='word_1_178' title='bbox 368 2065 509 2131; x_wconf 80' lang='lat' dir='ltr'>frequenter</span> <span class='ocrx_word' id='word_1_179' title='bbox 526 2080 584 2115; x_wconf 83' lang='lat' dir='ltr'>etun</span> <span class='ocrx_word' id='word_1_180' title='bbox 602 2064 752 2129; x_wconf 82' lang='lat' dir='ltr'>conjugibus</span> <span class='ocrx_word' id='word_1_181' title='bbox 770 2080 799 2113; x_wconf 79' lang='lat' dir='ltr'>ac</span> <span class='ocrx_word' id='word_1_182' title='bbox 816 2065 910 2127; x_wconf 79' lang='lat' dir='ltr'>liberis</span> 
     </span>
     <span class='ocr_line' id='line_1_25' title="bbox 149 2138 909 2213; baseline 0.004 -22"><span class='ocrx_word' id='word_1_183' title='bbox 149 2138 252 2191; x_wconf 81' lang='lat' dir='ltr'>obviam</span> <span class='ocrx_word' id='word_1_184' title='bbox 272 2144 337 2193; x_wconf 85' lang='lat' dir='ltr'>irent</span> <span class='ocrx_word' id='word_1_185' title='bbox 347 2144 491 2213; x_wconf 71' lang='lat' dir='ltr'>llannibali.</span> <span class='ocrx_word' id='word_1_186' title='bbox 511 2205 516 2213; x_wconf 80' lang='lat'><em>.</em></span> <span class='ocrx_word' id='word_1_187' title='bbox 528 2143 570 2192; x_wconf 86' lang='lat' dir='ltr'>Ab</span> <span class='ocrx_word' id='word_1_188' title='bbox 585 2142 704 2193; x_wconf 82' lang='lat' dir='ltr'>universis</span> <span class='ocrx_word' id='word_1_189' title='bbox 715 2140 741 2191; x_wconf 89' lang='lat' dir='ltr'>id</span> <span class='ocrx_word' id='word_1_190' title='bbox 751 2157 802 2191; x_wconf 88' lang='lat' dir='ltr'>non</span> <span class='ocrx_word' id='word_1_191' title='bbox 814 2141 909 2195; x_wconf 84' lang='lat' dir='ltr'>obedi·</span> 
     </span>
     <span class='ocr_line' id='line_1_26' title="bbox 146 2218 908 2284; baseline 0.008 -18"><span class='ocrx_word' id='word_1_192' title='bbox 146 2228 216 2269; x_wconf 88' lang='lat' dir='ltr'>enter</span> <span class='ocrx_word' id='word_1_193' title='bbox 233 2218 319 2284; x_wconf 81' lang='lat' dir='ltr'>modd&#39;,</span> <span class='ocrx_word' id='word_1_194' title='bbox 337 2220 378 2271; x_wconf 89' lang='lat' dir='ltr'>sed</span> <span class='ocrx_word' id='word_1_195' title='bbox 396 2222 470 2283; x_wconf 71' lang='lat' dir='ltr'>eniri,</span> <span class='ocrx_word' id='word_1_196' title='bbox 487 2220 577 2271; x_wconf 85' lang='lat' dir='ltr'>savore</span> <span class='ocrx_word' id='word_1_197' title='bbox 594 2222 676 2271; x_wconf 86' lang='lat' dir='ltr'>etiam</span> <span class='ocrx_word' id='word_1_198' title='bbox 689 2220 767 2284; x_wconf 77' lang='lat' dir='ltr'>vulgi,</span> <span class='ocrx_word' id='word_1_199' title='bbox 784 2218 908 2273; x_wconf 78' lang='lat' dir='ltr'>&amp;lindio</span> 
     </span>
     <span class='ocr_line' id='line_1_27' title="bbox 147 2287 907 2365; baseline 0.004 -21"><span class='ocrx_word' id='word_1_200' title='bbox 147 2295 244 2347; x_wconf 87' lang='lat' dir='ltr'>visendi</span> <span class='ocrx_word' id='word_1_201' title='bbox 263 2298 301 2349; x_wconf 90' lang='lat' dir='ltr'>tot</span> <span class='ocrx_word' id='word_1_202' title='bbox 311 2298 363 2363; x_wconf 88' lang='lat' dir='ltr'>jam</span> <span class='ocrx_word' id='word_1_203' title='bbox 379 2297 489 2349; x_wconf 77' lang='lat' dir='ltr'>visioriit</span> <span class='ocrx_word' id='word_1_204' title='bbox 500 2300 596 2351; x_wconf 83' lang='lat' dir='ltr'>clarum</span> <span class='ocrx_word' id='word_1_205' title='bbox 607 2300 791 2365; x_wconf 85' lang='lat' dir='ltr'>imperatorem,</span> <span class='ocrx_word' id='word_1_206' title='bbox 807 2287 907 2347; x_wconf 75' lang='lat' dir='ltr'>laetum</span> 
     </span>
     <span class='ocr_line' id='line_1_28' title="bbox 148 2376 905 2443; baseline -0.004 -14"><span class='ocrx_word' id='word_1_207' title='bbox 148 2376 190 2429; x_wconf 83' lang='lat' dir='ltr'>esl.</span> <span class='ocrx_word' id='word_1_208' title='bbox 227 2377 319 2441; x_wconf 77' lang='lat' dir='ltr'>Decius</span> <span class='ocrx_word' id='word_1_209' title='bbox 329 2378 428 2443; x_wconf 74' lang='lat' dir='ltr'>Magius</span> <span class='ocrx_word' id='word_1_210' title='bbox 440 2394 486 2428; x_wconf 90' lang='lat' dir='ltr'>nec</span> <span class='ocrx_word' id='word_1_211' title='bbox 495 2376 715 2441; x_wconf 76' lang='lat' dir='ltr'>obriam&#39;egrelsus</span> <span class='ocrx_word' id='word_1_212' title='bbox 724 2376 766 2439; x_wconf 86' lang='lat' dir='ltr'>esi,</span> <span class='ocrx_word' id='word_1_213' title='bbox 781 2391 839 2439; x_wconf 90' lang='lat' dir='ltr'>nec,</span> <span class='ocrx_word' id='word_1_214' title='bbox 850 2391 905 2441; x_wconf 91' lang='lat' dir='ltr'>quo</span> 
     </span>
     <span class='ocr_line' id='line_1_29' title="bbox 147 2452 908 2521; baseline -0.007 -17"><span class='ocrx_word' id='word_1_215' title='bbox 147 2453 264 2505; x_wconf 86' lang='lat' dir='ltr'>timorem</span> <span class='ocrx_word' id='word_1_216' title='bbox 276 2456 382 2521; x_wconf 87' lang='lat' dir='ltr'>aliquem</span> <span class='ocrx_word' id='word_1_217' title='bbox 395 2470 427 2506; x_wconf 86' lang='lat' dir='ltr'>ex</span> <span class='ocrx_word' id='word_1_218' title='bbox 438 2454 588 2505; x_wconf 89' lang='lat' dir='ltr'>conscientia</span> <span class='ocrx_word' id='word_1_219' title='bbox 599 2452 737 2519; x_wconf 79' lang='lat' dir='ltr'>significare</span> <span class='ocrx_word' id='word_1_220' title='bbox 749 2452 835 2520; x_wconf 81' lang='lat' dir='ltr'>posset,</span> <span class='ocrx_word' id='word_1_221' title='bbox 853 2452 908 2519; x_wconf 82' lang='lat' dir='ltr'>pri.</span> 
     </span>
     <span class='ocr_line' id='line_1_30' title="bbox 148 2529 904 2597; baseline -0.001 -14"><span class='ocrx_word' id='word_1_222' title='bbox 148 2534 228 2583; x_wconf 82' lang='lat' dir='ltr'>vatim</span> <span class='ocrx_word' id='word_1_223' title='bbox 240 2533 264 2583; x_wconf 92' lang='lat' dir='ltr'>se</span> <span class='ocrx_word' id='word_1_224' title='bbox 276 2534 368 2585; x_wconf 87' lang='lat' dir='ltr'>tenuit:</span> <span class='ocrx_word' id='word_1_225' title='bbox 387 2536 414 2585; x_wconf 91' lang='lat' dir='ltr'>in</span> <span class='ocrx_word' id='word_1_226' title='bbox 422 2533 480 2585; x_wconf 89' lang='lat' dir='ltr'>soro</span> <span class='ocrx_word' id='word_1_227' title='bbox 492 2549 549 2585; x_wconf 84' lang='lat' dir='ltr'>erun</span> <span class='ocrx_word' id='word_1_228' title='bbox 560 2531 614 2583; x_wconf 88' lang='lat' dir='ltr'>lilio</span> <span class='ocrx_word' id='word_1_229' title='bbox 625 2529 804 2597; x_wconf 87' lang='lat' dir='ltr'>clientibusque</span> <span class='ocrx_word' id='word_1_230' title='bbox 815 2532 904 2597; x_wconf 79' lang='lat' dir='ltr'>paucis</span> 
     </span>
     <span class='ocr_line' id='line_1_31' title="bbox 148 2604 904 2677; baseline -0.004 -16"><span class='ocrx_word' id='word_1_231' title='bbox 148 2611 229 2661; x_wconf 77' lang='lat' dir='ltr'>otiose</span> <span class='ocrx_word' id='word_1_232' title='bbox 241 2612 416 2674; x_wconf 85' lang='lat' dir='ltr'>inambulavit,</span> <span class='ocrx_word' id='word_1_233' title='bbox 434 2604 573 2677; x_wconf 68' lang='lat' dir='ltr'>trepidante</span> <span class='ocrx_word' id='word_1_234' title='bbox 584 2611 637 2658; x_wconf 76' lang='lat' dir='ltr'>toti</span> <span class='ocrx_word' id='word_1_235' title='bbox 648 2610 753 2660; x_wconf 85' lang='lat' dir='ltr'>civitate</span> <span class='ocrx_word' id='word_1_236' title='bbox 763 2607 794 2657; x_wconf 88' lang='lat' dir='ltr'>ad</span> <span class='ocrx_word' id='word_1_237' title='bbox 803 2608 904 2674; x_wconf 86' lang='lat' dir='ltr'>excipi·</span> 
     </span>
     <span class='ocr_line' id='line_1_32' title="bbox 148 2685 904 2755; baseline -0.004 -14"><span class='ocrx_word' id='word_1_238' title='bbox 148 2690 239 2741; x_wconf 85' lang='lat' dir='ltr'>endum</span> <span class='ocrx_word' id='word_1_239' title='bbox 254 2692 356 2743; x_wconf 86' lang='lat' dir='ltr'>Poenurn</span> <span class='ocrx_word' id='word_1_240' title='bbox 368 2690 556 2755; x_wconf 88' lang='lat' dir='ltr'>visendumque.</span> <span class='ocrx_word' id='word_1_241' title='bbox 579 2688 712 2750; x_wconf 85' lang='lat' dir='ltr'>Hannibal,</span> <span class='ocrx_word' id='word_1_242' title='bbox 729 2685 848 2752; x_wconf 80' lang='lat' dir='ltr'>ingressus</span> <span class='ocrx_word' id='word_1_243' title='bbox 860 2704 904 2738; x_wconf 91' lang='lat' dir='ltr'>ur·</span> 
     </span>
     <span class='ocr_line' id='line_1_33' title="bbox 149 2763 906 2836; baseline -0.004 -15"><span class='ocrx_word' id='word_1_244' title='bbox 149 2767 215 2829; x_wconf 86' lang='lat' dir='ltr'>bern,</span> <span class='ocrx_word' id='word_1_245' title='bbox 234 2767 344 2821; x_wconf 82' lang='lat' dir='ltr'>senatum</span> <span class='ocrx_word' id='word_1_246' title='bbox 357 2770 485 2836; x_wconf 82' lang='lat' dir='ltr'>extemplo</span> <span class='ocrx_word' id='word_1_247' title='bbox 497 2767 610 2836; x_wconf 84' lang='lat' dir='ltr'>postulat,</span> <span class='ocrx_word' id='word_1_248' title='bbox 627 2763 831 2834; x_wconf 80' lang='lat' dir='ltr'>precantibusque</span> <span class='ocrx_word' id='word_1_249' title='bbox 842 2766 906 2818; x_wconf 86' lang='lat' dir='ltr'>inde</span> 
     </span>
     <span class='ocr_line' id='line_1_34' title="bbox 118 2844 903 2919; baseline -0.006 -22"><span class='ocrx_word' id='word_1_250' title='bbox 118 2846 123 2851; x_wconf 84' lang='lat'>&#39;</span> <span class='ocrx_word' id='word_1_251' title='bbox 150 2848 301 2919; x_wconf 77' lang='lat' dir='ltr'>primoribus</span> <span class='ocrx_word' id='word_1_252' title='bbox 312 2853 506 2915; x_wconf 85' lang='lat' dir='ltr'>Campanorum,</span> <span class='ocrx_word' id='word_1_253' title='bbox 524 2863 555 2897; x_wconf 89' lang='lat' dir='ltr'>ne</span> <span class='ocrx_word' id='word_1_254' title='bbox 566 2845 665 2912; x_wconf 90' lang='lat' dir='ltr'>quiden</span> <span class='ocrx_word' id='word_1_255' title='bbox 676 2845 716 2894; x_wconf 86' lang='lat' dir='ltr'>die</span> <span class='ocrx_word' id='word_1_256' title='bbox 731 2844 797 2895; x_wconf 74' lang='lat' dir='ltr'>seria</span> <span class='ocrx_word' id='word_1_257' title='bbox 809 2844 846 2893; x_wconf 91' lang='lat' dir='ltr'>rei</span> <span class='ocrx_word' id='word_1_258' title='bbox 858 2859 903 2908; x_wconf 77' lang='lat' dir='ltr'>ge·</span> 
     </span>
     <span class='ocr_line' id='line_1_35' title="bbox 150 2922 903 2991; baseline -0.007 -16"><span class='ocrx_word' id='word_1_259' title='bbox 150 2935 223 2990; x_wconf 88' lang='lat' dir='ltr'>reret,</span> <span class='ocrx_word' id='word_1_260' title='bbox 241 2927 353 2991; x_wconf 86' lang='lat' dir='ltr'>diemque</span> <span class='ocrx_word' id='word_1_261' title='bbox 368 2937 396 2975; x_wconf 88' lang='lat' dir='ltr'>ut</span> <span class='ocrx_word' id='word_1_262' title='bbox 412 2924 462 2991; x_wconf 89' lang='lat' dir='ltr'>ipse</span> <span class='ocrx_word' id='word_1_263' title='bbox 477 2924 588 2973; x_wconf 86' lang='lat' dir='ltr'>adventu</span> <span class='ocrx_word' id='word_1_264' title='bbox 600 2922 644 2973; x_wconf 93' lang='lat' dir='ltr'>suo</span> <span class='ocrx_word' id='word_1_265' title='bbox 655 2922 862 2971; x_wconf 82' lang='lat' dir='ltr'>seslumlaetutac</span> <span class='ocrx_word' id='word_1_266' title='bbox 871 2922 903 2970; x_wconf 88' lang='lat' dir='ltr'>li·</span> 
     </span>
    </p>
   </div>
   <div class='ocr_carea' id='block_1_3' title="bbox 38 2997 903 3071">
    <p class='ocr_par' dir='ltr' id='par_1_3' title="bbox 38 2997 903 3071">
     <span class='ocr_line' id='line_1_36' title="bbox 38 2997 903 3071; baseline -0.01 -15"><span class='ocrx_word' id='word_1_267' title='bbox 38 3066 45 3071; x_wconf 80' lang='lat'><em>.</em></span> <span class='ocrx_word' id='word_1_268' title='bbox 75 3051 80 3055; x_wconf 87' lang='lat'><em>.</em></span> <span class='ocrx_word' id='word_1_269' title='bbox 143 2998 212 3052; x_wconf 80' lang='lat' dir='ltr'>&#39;bens</span> <span class='ocrx_word' id='word_1_270' title='bbox 229 3002 364 3057; x_wconf 82' lang='lat' dir='ltr'>celebraret</span> <span class='ocrx_word' id='word_1_271' title='bbox 370 3021 377 3065; x_wconf 75' lang='lat'>5</span> <span class='ocrx_word' id='word_1_272' title='bbox 395 3014 535 3069; x_wconf 83' lang='lat' dir='ltr'>quanquam</span> <span class='ocrx_word' id='word_1_273' title='bbox 552 3014 661 3068; x_wconf 70' lang='lat' dir='ltr'>preceps</span> <span class='ocrx_word' id='word_1_274' title='bbox 676 2998 780 3065; x_wconf 80' lang='lat' dir='ltr'>ingenio</span> <span class='ocrx_word' id='word_1_275' title='bbox 795 2998 822 3047; x_wconf 92' lang='lat' dir='ltr'>in</span> <span class='ocrx_word' id='word_1_276' title='bbox 838 2997 903 3047; x_wconf 86' lang='lat' dir='ltr'>irarn</span> 
     </span>
    </p>
   </div>
   <div class='ocr_carea' id='block_1_4' title="bbox 838 3085 902 3142">
    <p class='ocr_par' dir='ltr' id='par_1_4' title="bbox 838 3085 902 3142">
     <span class='ocr_line' id='line_1_37' title="bbox 838 3085 902 3142; baseline 0 0"><span class='ocrx_word' id='word_1_277' title='bbox 838 3085 902 3142; x_wconf 56' lang='grc' dir='ltr'>πὶ*ἢ</span> 
     </span>
    </p>
   </div>
   <div class='ocr_carea' id='block_1_5' title="bbox 0 0 1004 3709">
    <p class='ocr_par' dir='ltr' id='par_1_5' title="bbox 0 0 1004 3709">
     <span class='ocr_line' id='line_1_38' title="bbox 0 0 1004 3709; baseline 0 2"><span class='ocrx_word' id='word_1_278' title='bbox 0 0 1004 3709; x_wconf 95' lang='lat' dir='ltr'> </span> 
     </span>
    </p>
   </div>
  </div>
 </body>
</html>
