2000 3709
14 232 15 249 p
99 205 108 219 .
160 186 202 243 aa
421 185 467 245 ,τι
501 183 668 234 nrvrr·

100 283 113 328 ·,
161 272 296 332 liciorisad·
303 274 411 341 posteros
422 290 514 324 nomen
527 274 614 341 Appii,
631 270 699 338 quod
710 271 779 322 viam
792 274 911 337 munivit,

164 350 189 399 dr
201 367 291 415 aquam
302 354 328 399 in
347 352 434 401 urbem
444 350 528 414 duxit,
546 365 695 415 eaqueunus
707 350 829 415 perfecit;
843 352 909 416 quia,
984 411 985 414 Ἴ

163 430 198 477 ob
211 428 328 477 infamem
339 440 413 495 atque
425 429 576 479 invidiosam
587 427 683 477 senatus
697 426 829 477 lessionem
841 444 910 478 verc-
984 487 985 492 ¹

161 507 254 567 cundia
269 507 355 571 vilius,
369 509 463 572 collega
474 509 614 572 magistratu
626 506 650 556 se
656 507 823 557 abdicaverat.
858 512 911 575 Ap·
984 511 986 518 ’

164 586 228 651 pius,
243 587 295 649 jam
306 587 364 645 inde
375 588 511 652 antiquitus
526 586 623 635 infitam
640 587 801 652 pertinaciam
812 585 914 637 familiae

107 714 111 721 ,
161 664 282 727 gerendo,
299 663 364 729 solus
375 664 502 721 censuram
514 665 631 720 obtinuit.
641 719 645 726 ¹
665 664 761 713 Eodem
773 666 860 730 Appio
870 680 914 714 au-

161 738 239 803 finm,
251 742 343 805 Potitii,
355 758 422 810 gens,
440 743 511 805 cujus
522 742 552 791 ad
563 757 632 793 aram
647 743 787 791 Maximam
798 742 913 793 Herculis
937 776 943 784 ·

106 854 109 859 -
161 818 284 873 familiare
296 819 459 871 sacerdotium
471 820 559 882 suerat,
571 819 655 868 servos
666 819 784 885 publicos,
799 821 911 870 ministe-

162 896 195 955 rii
204 896 332 959 delegandi
343 898 423 959 causi,
436 895 546 952 solennia
554 896 606 959 ejus
617 894 678 943 sacri
687 895 814 944 docuerat.
843 901 910 945 Tra·

106 1016 107 1019 ,
162 972 229 1023 ditur
246 974 303 1023 inde
323 974 388 1025 ditm
406 973 528 1035 mirabile,
544 973 569 1022 a
589 972 656 1038 quod
676 971 834 1023 dimovendis
846 975 911 1025 statu

160 1050 206 1105 suo
226 1050 297 1104 sacris
315 1053 459 1116 religionem
478 1052 559 1101 sacere
576 1050 663 1117 posset,
679 1066 756 1115 quum
774 1052 910 1103 duodecim

161 1130 261 1181 samiliae
281 1133 309 1179 ea
325 1130 466 1196 tempestate
485 1130 635 1179 Potitiorum
656 1129 738 1191 essent,
755 1130 860 1195 puberes
877 1132 911 1181 ad

161 1209 271 1270 triginta,
288 1222 374 1259 omues
394 1210 458 1257 intra
478 1222 569 1255 mnino
588 1221 646 1254 cum
664 1206 737 1271 stirpe
760 1208 909 1271 exitiosior:

158 1298 206 1331 nec
218 1298 309 1331 nomen
321 1286 424 1339 tantum¹
436 1282 586 1343 Potitiorum
600 1279 713 1341 interisse,
730 1280 771 1329 sed
783 1282 912 1346 censorem

88 1384 90 1387 ·
160 1362 235 1411 ctiam
246 1362 365 1427 Appium,
383 1359 486 1409 memori
498 1359 582 1422 Deum
591 1357 637 1423 iri,
653 1358 708 1425 post
718 1359 814 1425 aliquot
830 1375 912 1412 annos

161 1438 296 1489 luminibus
311 1450 419 1501 captum.

195 1521 280 1565 XXX.
299 1520 385 1579 Itaque
395 1514 513 1573 consules,
530 1514 639 1579 quicum
650 1530 743 1564 aunum
754 1513 831 1566 secuti
843 1514 912 1590 sunt,

160 1596 190 1643 C.
203 1594 291 1657 Junius
304 1594 426 1651 Bubulcus
440 1594 541 1641 tertium
558 1591 583 1640 &
601 1595 635 1655 Q.
645 1593 758 1660 AEmilius
769 1593 874 1642 Barbula
885 1595 908 1642 i·

157 1682 248 1732 terum,
262 1672 340 1725 ¹initio
351 1672 409 1721 anni
424 1671 500 1735 questi
512 1668 578 1735 apud
588 1671 719 1735 populum,
737 1669 908 1722 deformatum

158 1746 267 1797 ordinem
284 1748 361 1813 pravas
377 1746 481 1803 lessione
493 1744 598 1808 senattls,
614 1747 664 1810 quai
681 1748 790 1812 potiores
807 1748 908 1813 aliquot

68 1872 69 1875 ,
156 1824 224 1881 ksiis
236 1827 352 1891 preteriti
365 1823 455 1884 essent;
472 1835 635 1886 negaverunt,
653 1840 708 1871 eam
719 1824 849 1889 sessionem
870 1826 906 1891 se,

68 1942 69 1949 ,
157 1918 211 1967 quae
220 1902 269 1950 stne
280 1902 338 1953 redii
349 1904 468 1968 pravique
477 1900 616 1951 discrimine
627 1900 658 1966 ad
668 1902 774 1963 gratiam
783 1902 907 1952 ac-libidi-

129 1994 131 1999 ’
156 1992 213 2030 non
231 1979 295 2031 satia
313 1980 378 2042 effer,
396 1980 585 2029 observaturos:
603 1978 628 2027 ἃ
647 1978 758 2027 senatum
775 1982 912 2047 ertemplo'

155 2059 297 2109 citaverunt
317 2074 347 2107 eo
366 2058 460 2121 ordine,
478 2059 521 2123 qui
541 2067 598 2106 ante
622 2056 734 2107 censores
755 2060 804 2123 Ap.
831 2059 907 2109 Clau-

155 2136 226 2187 dium
237 2136 261 2185 ἀ
273 2140 301 2184 C.
312 2137 434 2187 Plautium
447 2136 536 2185 luerat.
570 2136 603 2183 Et
617 2134 667 2183 duo
678 2136 784 2201 imperia
792 2152 823 2187 eo
835 2154 906 2189 auno

152 2213 207 2263 dari
219 2224 297 2278 coepta
309 2228 352 2279 per
369 2213 497 2280 populum,
514 2223 618 2276 utraque
637 2213 786 2277 pertinentia
800 2213 832 2263 ad
848 2231 904 2266 rem
984 2271 986 2276 ‚

151 2291 284 2340 militarem
296 2308 301 2338 :
314 2306 399 2352 uuum,
410 2302 439 2341 ut
449 2292 544 2339 tribuni
555 2291 663 2339 militum
676 2290 727 2355 seni
733 2289 790 2340 deni
805 2293 831 2341 in
842 2310 909 2358 qua.

152 2378 211 2427 tuor
230 2368 367 2431 legionesa
384 2370 478 2435 populo
498 2378 657 2427 crearentur;
674 2384 729 2433 qnae
748 2379 829 2431 antea,
846 2387 903 2437 per-

14 2450 18 2469 *
52 2444 54 2447 ’
152 2462 227 2511 quam
239 2448 322 2512 paucis
335 2446 450 2511 suffragio
463 2448 548 2513 populi
565 2445 735 2507 relidislocis,
752 2447 909 2509 dictatorum,

153 2528 178 2575 ἃ
190 2524 317 2575 consulum
326 2525 402 2575 ferme
416 2525 515 2576 sueram
526 2525 654 2575 beneficia.
674 2525 751 2573 tulere
762 2541 904 2591 eamroga-

150 2604 247 2653 tionem
257 2604 349 2652 tribuni
367 2604 495 2670 plebeiL.
511 2605 610 2666 Atilius,
630 2606 658 2651 C.
671 2604 791 2662 Marcius.
827 2605 900 2655 Alte-

150 2696 215 2742 rum,
231 2691 259 2729 ut
269 2680 414 2731 duumviros
422 2682 522 2731 navales
537 2682 612 2733 classis
623 2681 738 2739 ornanda
750 2682 902 2734 reficiendae-

151 2773 200 2823 que
212 2758 286 2808 causi
294 2758 359 2807 idem
375 2760 480 2825 populus
488 2760 595 2823 juberet.
612 2759 678 2807 lator
691 2759 764 2823 hujus
776 2760 907 2827 plebisciti

151 2834 199 2885 snit
211 2839 250 2885 M.
261 2837 352 2885 Decius
361 2837 474 2887 tribunus
483 2839 570 2905 plebis.
599 2835 721 2898 -Ejusdem
729 2838 788 2886 anni
799 2852 852 2887 rem
861 2839 900 2889 di-

108 2948 111 2957 .
150 2910 190 2962 &u
206 2928 309 2977 parvam
327 2915 482 2979 praeterirem,
505 2916 532 2965 ni
548 2914 580 2963 ad
598 2913 747 2976 religionem
765 2914 819 2964 visa
839 2915 905 2966 esset-

148 2991 280 3063 pertinere.
295 3034 298 3042 ,
313 2992 451 3059 Tibicincs,
468 2994 531 3063 guia
540 2990 661 3062 prohibiti
669 2996 687 3053 ,a
698 2987 906 3121 proximsrgrpprps
