2000 3709
109 168 116 193 s

156 224 197 291 ar
415 225 452 278 a.
487 224 665 279 utvtr‘

162 312 224 380 seut,
241 314 328 367 omisso
346 316 378 366 ad
396 318 470 367 castra
490 320 586 382 itinere,
602 330 699 369 montes
715 328 812 385 pentnt.
841 314 917 369 luel&
984 335 985 388 j

163 394 252 443 menni
271 398 331 460 pene
347 395 445 459 agmine
460 410 489 444 ac
500 406 595 444 vexato
612 395 756 444 vulneribus
775 397 801 443 in
821 394 918 459 silvana»
984 453 985 456 Ἴ

164 472 297 521 Ciminiam
310 482 474 537 penetratum.
509 474 646 533 Romanus,
662 471 746 519 multis
754 470 864 520 millibus
874 473 917 519 E··
984 487 985 490 ¹

163 546 301 597 truscorum
321 548 392 610 caefis,
409 548 653 613 duodequadraginta
670 548 742 612 fignis
759 546 910 597 militaribus
984 535 986 544 ’

164 627 250 692 captis,
268 626 349 675 castris
359 628 434 675 etiam
449 627 555 675 hostium
573 641 630 674 cum
642 626 723 693 praeda
734 627 829 690 ingenti
841 626 910 692 poti·

163 712 214 753 tur.
250 706 317 751 Tum
330 703 360 753 dc
372 701 540 769 persequendo
552 703 620 751 holle
630 703 718 767 agitari
729 710 846 769 coptum.

197 783 323 829 xxxvl.
341 780 407 829 Silva
418 791 469 829 erat
480 779 587 828 Ciminia
596 781 675 843 magis
687 791 740 827 tum
752 780 822 828 invia
832 788 918 843 atque-

163 856 295 919 horrenda,
311 862 385 922 quam
402 872 480 923 nuper
496 857 565 906 sucre
585 857 728 905 Germanici
741 855 820 919 saltun
846 855 918 904 nulli·

163 934 195 983 ad
207 950 261 983 earn
273 935 339 984 diem
350 950 381 983 ne
389 944 554 984 mercatorum
566 933 664 998 quidem
676 933 751 982 adita.
759 948 823 983 ,σιω
835 933 916 981 intra··

163 1026 190 1061 rc
207 1012 272 1061 haud
293 1012 341 1061 fere
362 1005 498 1078 quisquam,
518 1022 604 1078 prater
621 1012 709 1061 ducem
728 1010 815 1078 ipsum,
832 1010 918 1059 aude-1·

163 1088 215 1139 bat.
234 1090 287 1138 aliis
306 1090 420 1139 omnibus
440 1090 516 1139 cladis
532 1089 648 1138 Caudiuae
664 1088 917 1139 nondummemocia·

161 1166 315 1217 aboleverat.
351 1171 420 1216 Tum
438 1182 471 1217 ex
489 1166 527 1230 iis,
544 1168 585 1232 qui
601 1166 711 1229 aderant,
729 1165 845 1227 (consulis
856 1165 912 1214 sra-

162 1254 226 1295 ttem
238 1238 277 1293 M.
290 1245 403 1307 Fabium,
416 1245 545 1295 Kaesonem
558 1246 608 1306 alii,
627 1249 656 1292 C.
665 1242 797 1292 Claudium
806 1242 911 1307 quidam

161 1333 240 1381 matre
252 1323 346 1388 eidem,
363 1326 410 1390 qud
425 1324 556 1387 consulem,
569 1324 679 1387 genitum
696 1320 910 1389 traduntl-specu·

161 1398 240 1448 latum
256 1399 383 1449 sciturum
395 1399 520 1465 professus,
537 1400 659 1464 brevique
669 1400 755 1449 omnia
765 1408 832 1447 certa
848 1398 916 1447 alla-.

159 1484 253 1524 turum.
289 1480 357 1525 Caere
375 1475 490 1525 educatus
507 1475 572 1541 apud
588 1474 705 1540 hospites,
722 1472 830 1523 Etruscis
850 1472 910 1523 inde

160 1551 238 1601 literis
257 1552 439 1615 eruditorem,
456 1552 616 1617 linguamque
634 1551 761 1600 Etruscam
773 1551 851 1617 probe
861 1567 909 1601 no·

161 1643 243 1681 verat.
278 1631 366 1680 Habeo
376 1630 494 1692 auctores,
511 1632 589 1694 vulgd
601 1641 654 1682 tum
666 1633 794 1679 Romanos
805 1644 912 1695 pueros,

160 1708 222 1759 sicut
242 1724 307 1758 nunc
328 1711 428 1773 Graecis,
446 1709 481 1759 ita
493 1711 599 1758 Etruscis
617 1710 695 1759 literis
706 1708 798 1757 erudiri
810 1709 916 1761 solitos.=

161 1786 207 1835 Sed
218 1787 319 1854 propius
330 1787 363 1835 est
382 1802 452 1851 vero,
470 1788 622 1853 pracipuum
632 1786 726 1853 aliquid
741 1785 812 1835 suilse
828 1788 856 1835 in
866 1803 907 1852 co,

160 1866 205 1930 qui
223 1864 247 1913 sc
267 1875 317 1914 tam
335 1866 421 1915 audaci
439 1865 593 1915 simulatione
610 1867 719 1915 hoslibus
735 1863 908 1916 immiscuerit.

160 1942 245 1992 servus
260 1944 282 1991 ei
297 1943 387 1993 dicitur
404 1959 485 1993 comes
497 1959 560 1992 unus
577 1939 655 2007 luisse,
671 1945 778 1993 nutritus
788 1948 846 2004 una,
864 1960 908 1993 eo-

153 2033 208 2083 ¹que
226 2019 291 2069 baud
308 2021 406 2083 ignarus
418 2022 508 2084 linguae
519 2019 644 2083 ejusdem:
662 2037 708 2070 nec
719 2022 852 2087 quicquam
862 2022 910 2071 ali·

158 2094 195 2143 nd
214 2095 403 2161 proficiscentes,
421 2102 493 2161 quam
510 2096 652 2147 summatim
666 2099 782 2162 regionis,
791 2113 858 2163 -quae
869 2100 912 2148 in·.

159 2173 247 2221 tranda
258 2184 318 2237 erat,
336 2185 448 2224 naturam
460 2190 488 2224 ac
500 2176 601 2225 nomina
611 2176 752 2242 principum
770 2177 795 2223 in
810 2178 919 2243 populisn

160 2266 277 2317 accepere
286 2270 293 2312 ;
310 2266 341 2300 ne
351 2253 404 2317 -qua
416 2252 480 2305 inter
491 2253 618 2317 colloquia
627 2254 714 2318 insigni
724 2255 785 2303 notia
795 2254 908 2303 hesitan-

158 2338 195 2377 tes
204 2326 352 2394 deprehendi
367 2327 469 2395 pollent.
505 2332 560 2377 Ierc
567 2329 790 2395 pastorali-habitu,
807 2330 915 2393 agnelli··

157 2404 204 2455 bus
221 2406 282 2468 telis,
299 2406 403 2455 falcibus
417 2406 533 2471 gaesrsque
549 2407 612 2457 binis
631 2410 728 2457 armati.
763 2406 808 2456 Sed
818 2423 916 2473 neque&

158 2484 336 2532 commercium
355 2484 453 2549 linguae,
472 2500 520 2533 nec
539 2486 612 2534 vellis
629 2501 790 2535 annorumve
808 2486 923 2537 habitunt

159 2558 192 2609 sic
203 2575 245 2609 eos
257 2562 328 2622 texit,
342 2568 415 2626 quain
427 2562 495 2627 qubd
507 2563 657 2613 abhorrebat
667 2570 681 2612 a
693 2563 748 2626 tide,
760 2578 916 2629 quemquam·

159 2646 290 2687 externum
305 2638 517 2688 -Ciminios'saltus
534 2642 692 2691 intraturum.
725 2641 808 2706 lisque
818 2643 850 2691 ad
860 2646 939 2693 Ca-2.

158 2724 247 2763 inertes
255 2714 362 2765 Umbros
371 2717 506 2782 penetrasse
515 2717 640 2768 dicuntur.
659 2718 703 2781 ibi,
720 2719 857 2785 quiessent,
869 2721 915 2770 sas.

161 2794 205 2842 teri
227 2796 364 2843 Romanum
384 2795 487 2845 ausum:
499 2796 785 2861 *introdultumquein
796 2796 910 2849 senatum

158 2868 264 2918 consulis
281 2870 363 2919 verbis
382 2870 454 2934 egisse
466 2871 496 2919 de
512 2871 630 2922 societate
641 2873 814 2938 amicitiaque:
832 2886 916 2939 atquo

159 2946 217 2995 inde
233 2949 298 2995 comi
317 2948 426 3015 hospitio
442 2960 582 3016 acceptum,
599 2952 717 2999 nunciare
728 2954 846 3001 Romanis
855 2954 915 3016 jus-l
940 3007 943 3012 ¹
984 2969 985 2972 ¹

158 3022 221 3093 sum,
239 3036 405 3083 commeatum
414 3029 646 3090 exercitui-dietum
656 3029 856 3099 manupretio
867 3030 909 3080 io,

650 3133 654 3139 ⁴
870 3124 906 3176 re,
