2000 3709
324 263 632 322 usnnuxxvs.
799 254 898 330 ιιιΙ

102 373 165 426 gum
176 355 297 410 ducentos
309 357 360 410 iere
371 358 396 408 ἃ
411 357 592 423 quinquaginta
604 351 683 423 passus
697 361 783 422 patens
794 367 855 404 σοι·-

96 431 99 435 ’
101 437 195 502 jungit
205 436 271 485 unde
273 452 365 502 ,quum
374 446 425 486 tam
432 435 505 502 parvi
516 436 596 501 operis
608 433 716 484 munitio
728 431 793 496 silet,
803 445 857 485 non

103 513 199 576 objecit
210 513 323 563 vallum'
317 523 453 580 tmpesatot
464 515 608 562 Romanus·
614 512 668 561 scu
680 510 797 561 fiduciam
808 493 857 558 ho-

102 589 132 640 sti
144 588 249 657 superbi:
266 589 394 654 ostentans,
411 588 463 640 five
480 599 510 638 ut
524 588 638 641 subeunti
650 588 712 656 [ιιι
723 586 754 638 ad
765 586 857 671 monia

102 668 176 718 urbis
186 667 297 720 recussus
309 679 413 738 pateret.

136 749 238 798 XLIII.
257 752 353 812 Cetera,
371 764 425 815 quae
443 747 577 800 munienda
592 757 671 811 crant,
688 759 766 814 quum
777 741 856 812 peric-

101 823 182 889 ciffct,
199 841 276 878 naves
287 829 363 879 etiam
375 829 400 879 in
413 837 496 894 portu,
514 829 584 878 velut
595 827 746 878 maritimam
757 838 858 892 quoquc
929 893 938 903 ‚

99 902 226 954 ostentans
237 905 399 970 obsidionem,
409 905 540 956 instruxit:
558 902 787 970 circumvestulquc
796 901 857 952 clas·

98 980 163 1045 sem,
181 998 258 1050 quum
277 985 410 1037 monuillet
429 984 556 1052 ptaeieilos
573 986 687 1048 navium,
704 993 733 1033 ut
756 981 857 1047 vigilias

98 1059 233 1111 noliurnas
250 1063 339 1114 intenti
357 1063 491 1126 servarent,
509 1062 595 1113 omnia
606 1052 700 1127 ubique
713 1061 795 1129 primo
807 1059 855 1109 ob·

98 1135 188 1188 sarsum
208 1140 302 1192 hostem
319 1142 419 1193 conati:
437 1141 553 1204 regressus
574 1142 600 1190 in
619 1140 703 1204 calita,
720 1150 749 1190 ut
761 1136 857 1189 consilii

102 1216 142 1266 sui
155 1218 286 1284 rationem,
303 1220 371 1286 quod
387 1219 420 1269 ab
439 1219 502 1270 urbe
519 1219 670 1286 potillimum
688 1213 858 1284 oppugnanda

7 1292 14 1298 “
101 1293 196 1346 bellum
208 1296 277 1348 orsus
294 1296 360 1361 eliet,
377 1297 497 1348 militibus
509 1296 655 1360 ostenderet,
672 1295 698 1346 ds
710 1294 777 1362 spem
789 1293 857 1361 poti·

100 1369 176 1421 undae
186 1373 343 1425 cohortando
355 1373 454 1438 Iaceret,
470 1374 593 1424 concione
604 1372 728 1423 advocati
739 1372 774 1422 ita
785 1370 858 1421 dilic-
907 1405 913 1410 -

101 1449 169 1499 suit:
186 1451 228 1500 Aa
246 1451 319 1503 rudem
339 1469 404 1502 unam
424 1453 589 1520 oppugnandum
603 1450 626 1516 fi
643 1451 689 1518 quis
706 1466 747 1502 vos
758 1449 858 1502 uddullus

77 1591 81 1594 -
102 1527 181 1592 credit,
196 1529 218 1580 is
229 1532 299 1599 magis
310 1532 380 1598 aperis
395 1531 470 1596 uestri,
487 1533 552 1598 quim
564 1530 698 1581 emolumenti
705 1530 810 1579 nationem
819 1545 858 1579 ιιιΙ

101 1606 184 1670 attan,
201 1607 289 1672 milites,
304 1608 376 1660 balet.
410 1608 565 1678 oppugnabitis
575 1609 633 1659 enim
643 1613 699 1657 veri
709 1612 787 1659 mania
796 1610 859 1659 unius

101 1684 171 1748 urbis,
182 1685 224 1751 sed
238 1686 261 1735 in
275 1703 317 1737 una
328 1686 379 1738 urle
388 1688 514 1755 universam
524 1687 625 1756 ceperitis
635 1687 774 1754 Hispaniam.
808 1687 858 1738 Istc

94 1761 151 1826 fiunt
161 1761 238 1827 obfides
254 1765 348 1814 amnium
364 1764 464 1816 nobilium
474 1781 550 1832 regum
567 1765 748 1834 populorumque:
765 1766 809 1832 qui,
821 1762 854 1832 fiss

103 1840 152 1889 mul
161 1841 184 1890 in
191 1840 297 1908 potestate
310 1844 384 1908 uestra
401 1853 470 1908 erunt,
488 1844 592 1912 extemplo
607 1845 687 1905 amnia,
705 1860 748 1910 que
758 1843 859 1912 nuncsui

101 1917 317 1986 Karthaginiensibus
325 1924 385 1989 fiunt,
402 1925 538 1974 inditionem
549 1923 644 1972 tradent.
679 1922 822 1989 Hicpecunia
832 1938 857 1972 a·

99 1997 157 2046 mnis
165 1994 262 2062 hostium,
274 1995 321 2063 fine
330 2017 371 2068 qua
380 2016 444 2068 neque
455 2001 488 2050 illi
495 2016 575 2070 gerere
585 1998 661 2062 bellum
670 1996 759 2066 potsunt,
776 1999 855 2066 quippe

99 2074 139 2141 qui
154 2076 295 2125 mercenarios
310 2079 414 2130 exercitus
436 2079 510 2138 alant;
533 2078 561 2130 tr
582 2091 626 2145 quc
641 2074 699 2126 nolis
714 2071 857 2147 masima’u-
885 2110 889 2114 -

86 2151 134 2218 Jui
154 2151 194 2224 ad
210 2152 348 2205 eumiliandus
372 2155 455 2207 ammos
479 2155 617 2206 barbarorum
645 2155 697 2204 erit.
738 2154 785 2204 Hic
807 2162 853 2206 ter·

98 2237 182 2292 menta,
199 2246 271 2296 arma,
287 2243 431 2298 armamenta,
447 2234 476 2286 da·
486 2234 556 2284 amnis
566 2241 686 2301 apparatus
700 2230 749 2283 lelli
765 2232 802 2298 est,
818 2233 856 2301 qui

91 2304 163 2372 fimul
173 2304 200 2357 tn
214 2321 255 2356 uas
269 2308 366 2373 instruet,
384 2309 592 2372 &infrenandum
626 2309 741 2360 Putiemur
747 2318 853 2377 praterea

95 2398 163 2452 quarn
175 2383 530 2455 pulcherrimdsnpulentiffimdque
546 2386 605 2452 nerle,
622 2396 669 2437 tum
680 2389 856 2455 oppurtunifflmd
883 2385 886 2389 ’

94 2467 166 2529 partu
182 2463 275 2529 egregio,
291 2463 346 2514 unde
364 2467 425 2516 terrd
441 2466 548 2532 marique,
570 2483 613 2533 qua
629 2465 679 2517 lelli
694 2467 742 2531 usus
754 2469 852 2534 posinunt,

91 2539 267 2606 stuppeditentur.
286 2558 329 2609 qua
338 2559 401 2609 quum
413 2560 491 2612 magna
503 2545 543 2612 ipfi
551 2543 679 2608 balelins'us,
695 2552 741 2595 tum
754 2545 853 2613 dempse-

98 2619 169 2668 rimus
180 2615 269 2680 latitas
280 2620 345 2671 multo
356 2623 448 2688 majora.
466 2622 518 2672 Hac
528 2622 571 2672 illis
583 2640 630 2687 arx,
638 2621 675 2672 bue
686 2620 792 2685 borreum,
799 2638 854 2671 cra·

97 2696 165 2761 rium,
182 2701 384 2764 armamentarium,
402 2700 440 2750 lue
450 2702 545 2751 omnium
555 2692 629 2751 rerum
644 2700 801 2767 receptaculum
812 2699 852 2762 est.

96 2773 159 2835 ffinc
167 2771 236 2823 renus
253 2775 275 2824 in
290 2777 397 2840 Africam
414 2779 484 2844 cnrstas
496 2778 546 2840 est:
563 2778 603 2828 bac
613 2795 655 2828 una
665 2778 853 2840 interPyreneum

97 2851 126 2902 (a
139 2850 214 2899 Gades
218 2851 306 2914 statius
323 2852 439 2904 linc'umui
450 2856 559 2922 Hispania
569 2856 667 2905 imminet
681 2845 774 2920 Aser'ca‘.
800 2851 853 2918 Sed,

96 2926 202 2994 queniam·
215 2942 256 2978 vas
271 2927 381 2992 instmliot
399 2931 426 2981 dr
443 2931 666 3000 ordinataseugrruj'cu,
682 2930 712 2978 ad
727 2927 851 2995 Karthagi2

95 3019 146 3053 uem
158 3019 239 3054 novam
253 3008 415 3073 oppugnandam
426 3008 477 3058 tntis
487 3007 576 3060 viribus
587 3010 615 3060 ό*
628 3008 679 3056 luna
687 3006 759 3056 anima
766 3007 850 3073 transe-

94 3096 167 3164 mrus.
203 3084 337 3154 Quumque
348 3098 435 3139 omncs
446 3084 496 3137 ma
507 3099 581 3153 soce,
599 3084 636 3137 luc
641 3083 778 3152 faciendam,
795 3083 850 3134 sue

987 2992 991 3151 l

685 3162 990 3403 Ἣ
