2000 3709
176 325 204 345 ,h
317 273 485 326 Ltsutt
519 273 622 327 xxvt.
776 281 843 341 ⁸⁴7?

88 359 201 430 litesque,
218 361 288 433 dunt,
304 364 353 432 qui
370 365 460 430 cuique
471 365 625 436 'proximum
647 363 689 428 est,
710 363 737 415 in
754 374 847 419 terram

91 443 199 493 evadere
215 455 359 512 properant,
376 443 428 514 ips'a
446 442 604 495 festinatione
619 443 645 496 dc
656 445 792 496 certamine
803 445 847 498 atii
921 481 924 487 ‚

90 515 155 570 aiios
167 521 318 589 impediunt.

83 624 86 629 ·
126 601 211 648 XLV·
223 603 291 650 Inter
302 603 354 652 haec
365 599 525 670 repleverat
514 616 568 666 jam
581 603 671 652 Poenus
680 604 781 654 armatis
790 615 847 654 ιιιῑι

89 691 142 740 ros,
160 677 185 727 δι
197 678 236 727 vis
247 695 345 744 magna,
362 694 396 728 ex
407 679 503 746 ingenti
512 680 587 756 copia
598 673 721 744 congesta,
739 681 848 733 telorum

87 755 276 824 suppeditabat.
294 757 341 810 Sed
353 759 503 824 nequeviri,
520 758 635 822 nectua,
653 759 846 828 necquicquam

89 833 161 884 aliud
173 838 250 902 aeque,
267 841 341 902 quam
354 836 445 886 moenia
440 834 507 904 ipsa
518 833 577 899 sese,
594 833 768 886 defendebant.
785 851 848 888 rarae

88 911 160 960 enim
179 911 248 966 scala
259 914 388 966 altitudini
401 913 493 980 equari
512 924 644 982 poterant.
663 914 698 978 dt,
715 930 766 981 quo
779 930 846 982 qua·

88 1001 141 1054 que
153 989 261 1056 altiores,
278 1007 309 1042 eo
320 990 468 1042 infirmiores
481 1001 560 1048 erant.
577 988 681 1058 traque,
692 1006 768 1058 quum
779 991 846 1043 snm·
927 993 934 1006 “
963 1006 966 1022 ¹

89 1081 148 1120 mus
160 1066 262 1134 quisquc
278 1069 384 1119 evadere
402 1084 453 1120 non
468 1067 556 1138 pollet,
572 1067 684 1118 subirent
695 1080 778 1121 tamen
789 1072 843 1139 alii,

88 1158 168 1194 onere
177 1146 231 1214 ipso
239 1145 426 1214 frangebantur.
439 1147 548 1213 quidam,
555 1147 674 1203 stantibus
682 1143 760 1210 scalis,
766 1143 852 1215 quurn'

88 1222 200 1276 altitudo
214 1226 345 1291 caliginem
364 1226 443 1276 oculis
462 1224 594 1287 offudisset,
611 1225 642 1275 ad
659 1235 750 1276 terram
771 1226 848 1277 delati

61 1361 67 1368 Ι
87 1299 157 1353 sunt.
192 1304 226 1354 Et
242 1321 319 1370 quum
340 1305 423 1372 pali'un
440 1305 554 1354 homines
566 1303 803 1370 [calaequemerent,
821 1304 847 1359 ἁ
865 1322 875 1330 “

88 1375 147 1448 ipso
159 1380 266 1433 succeffu
276 1383 380 1434 audacia
391 1394 466 1450 atque
478 1383 592 1433 alacritas
603 1383 709 1431 hostium
718 1382 846 1451 cresceret,

89 1459 187 1526 signum
204 1464 316 1532 receptui
330 1462 416 1512 datum
429 1463 476 1524 eli,
494 1460 562 1528 quod
573 1459 642 1550 spem
653 1476 705 1512 non
718 1462 847 1528 prasentia

88 1537 167 1590 modo
175 1540 208 1590 ab
220 1551 290 1592 tanto
300 1541 434 1592 certamine
445 1556 477 1594 ac
486 1540 572 1591 labore
584 1539 674 1608 quietis
685 1538 791 1605 obteris,
803 1539 847 1592 sed

89 1618 167 1668 etiarn
180 1619 205 1668 in
223 1619 347 1686 posterum
364 1619 439 1682 dedit,
457 1617 527 1668 lcalis
544 1618 570 1668 dt
582 1617 677 1668 corona
689 1633 744 1685 capr
736 1618 846 1670 urbem

90 1711 145 1746 non
158 1693 234 1762 polse.
244 1711 329 1763 opera
340 1697 365 1746 &
376 1695 484 1746 difficilia
496 1694 551 1757 else,
560 1682 586 1746 δί
598 1705 694 1764 tempus
705 1694 801 1760 datura,
812 1695 845 1748 ad

89 1769 219 1824 ferendam
233 1788 317 1842 opem,
328 1771 518 1842 imperatoribus
530 1771 588 1822 siris.
606 1773 659 1822 Vix
670 1773 740 1840 prior
751 1774 846 1823 tumul·

89 1861 131 1901 tus
143 1851 305 1915 conticuerat,
322 1867 399 1918 quum
412 1851 494 1918 Scipio
511 1850 543 1901 ab
559 1848 672 1900 deieffis
662 1865 715 1914 jam
727 1851 844 1902 vulnera·

89 1927 171 1996 risque
183 1939 291 1980 recentes
302 1929 461 1994 integrosque
473 1928 537 1978 alios
546 1929 660 1996 accipere
673 1925 748 1977 scalas
759 1928 843 1995 jubet,

91 2007 118 2058 dc
131 2008 158 2056 vi
175 2007 270 2070 majore
287 2005 388 2072 aggredi
405 2005 503 2056 urbem.
536 2004 601 2072 Ipse,
618 2015 647 2073 ut
659 2005 682 2054 ei
697 2007 844 2059 nunciatum
906 2060 913 2070 ,

90 2073 134 2148 ell',
152 2083 234 2134 aeiium
243 2082 367 2146 decedere,
384 2080 452 2149 qubd
464 2097 509 2150 per
521 2080 656 2149 piscatores
669 2085 843 2135 Tarraconen·

90 2159 136 2222 ses,
153 2176 221 2212 nunc
232 2161 329 2210 levibus
342 2159 447 2226 cymbis,
464 2174 540 2223 nunc,
557 2158 602 2209 ubi
620 2174 655 2210 eae
667 2159 779 2226 fiderent,
796 2177 844 2212 va·

90 2233 291 2308 dis'perv'agatos
301 2239 421 2302 stagnum,
438 2247 595 2306 compertum
610 2237 726 2304 babebat,
743 2238 843 2292 facilem

89 2317 197 2388 pedibus
213 2317 244 2367 ad
262 2331 360 2368 murum
378 2313 505 2364 traufitum
517 2308 580 2379 dari,
597 2317 628 2363 eb
639 2314 722 2368 seeum
734 2317 844 2369 armatos

90 2395 175 2448 duxit.
208 2393 323 2444 Medium
340 2393 418 2443 ferme
436 2391 487 2442 diei
504 2401 573 2442 erat:
591 2392 617 2443 dc
629 2391 705 2458 adid,
722 2393 788 2459 qubd
799 2393 843 2447 sua

89 2467 179 2542 sponte
191 2471 311 2522 cedente'
305 2487 330 2521 ιιι
342 2484 410 2523 mare
421 2470 477 2520 aliu
490 2470 634 2521 trahebatur
644 2486 718 2538 aqua,
734 2488 791 2521 acer
800 2483 837 2522 et-

88 2549 140 2602 iam
158 2550 298 2616 Septentrio
309 2559 378 2598 ortus
391 2547 537 2601 inclinatum
552 2548 665 2614 stagnum
676 2547 773 2614 eodem,
790 2553 842 2617 qnb

90 2627 169 2693 aestns,
185 2625 288 2693 serebat,
305 2627 331 2678 dt
348 2619 410 2676 adeo
422 2612 567 2678 nudaverat
577 2620 652 2691 vada,
668 2637 697 2677 ut
708 2627 828 2677 alibium
845 2672 850 2676 .

88 2708 167 2770 bilico
177 2718 247 2760 tenus
257 2703 404 2774 aquaesset,
409 2705 469 2757 alibi
480 2705 617 2772 gennavix
629 2705 762 2774 superaret.
774 2708 842 2770 Hoc,

87 2789 150 2842 euri
167 2802 196 2838 ae
213 2786 311 2837 ratione
327 2795 494 2852 compertum,
516 2786 542 2836 in
561 2783 705 2854 prodigium
724 2785 842 2834 acDeor

89 2879 191 2920 vertens
200 2865 290 2934 Scipio,
308 2863 352 2929 qni
363 2861 394 2912 ad
405 2862 532 2934 transitum
544 2862 663 2913 Romanis
676 2874 744 2911 mare
756 2871 840 2910 verte·

87 2954 155 3010 rent,
167 2943 192 2994 dr
204 2941 289 3008 stagno
300 2937 433 3002 auferrent,
443 2939 546 3006 viasque
559 2941 615 2989 ante
626 2949 752 3002 nunquam
766 2936 842 2988 initae

89 3022 202 3072 humano
211 3017 316 3094 vestigio
330 3017 463 3082 aperirent,
478 3019 626 3084 'Neptunum
635 3013 741 3078 jubebat
751 3012 841 3087 ducem

87 3087 186 3158 itineris
197 3097 275 3172 sequi,
291 3113 321 3154 ac
335 3093 419 3152 metro
431 3097 517 3168 stagno
528 3094 635 3151 eradere
646 3093 678 3148 ad
677 3094 788 3227 1ιίιιὶιινιιῑιι.
796 3172 840 3226 Ab
