2000 3709
153 230 206 283 450
424 224 653 277 T.L1vrt

152 309 240 361 lerium
257 308 367 363 absentes
384 313 496 363 consules
515 314 641 365 dixerunt.
660 312 916 386 autloritaoem'pre·

151 394 274 455 nogium
283 408 369 445 ornnes
385 397 504 445 centuriae
519 394 607 445 secuta
616 395 682 445 sunt.
720 399 831 449 Eludant
845 414 915 447 nune

152 471 256 537 antiqua
267 475 391 523 mirantes.
412 489 462 523 non
476 474 603 539 equidem,
621 474 701 541 siqua
716 476 747 526 li't
761 477 914 546 sapientium

152 551 252 611 divitae,
270 568 344 619 quam
361 552 427 603 lolli
445 553 545 617 fingunt
555 556 643 618 magis,
662 562 737 623 quam
748 560 853 620 norunt,
868 566 915 605 aut

152 631 278 699 principer
289 633 416 697 gratiores
431 626 686 700 temperantioresque
701 641 717 684 a
734 638 856 704 cupidine
867 638 913 685 im·

152 712 224 781 perii,
241 722 284 761 aut
299 712 585 763 multitudinemmclirls
596 726 721 765 moratam
734 717 850 765 censeam
860 716 913 765 fieri

152 792 231 861 posse.
268 796 410 844 Centuriam
427 797 490 843 verb
506 794 635 857 juniorum
655 795 765 846 seniores
783 796 915 847 consulere

151 868 266 933 volutat,
285 872 375 937 quibus
387 874 519 939 imperium
535 870 653 935 suffragio
665 876 807 935 mandaret,
825 878 874 934 vix
886 885 915 924 ut

977 636 982 675 l

151 948 285 998 verisimile
298 951 334 1017 lit,
354 957 483 1020 parentum
496 966 596 1017 quoque
607 953 656 1003 hoc
668 951 752 1004 seculo
765 955 826 1004 vilis
839 951 914 1004 levis·
978 938 983 988 Ῐ

150 1042 199 1096 que
210 1028 276 1095 apud
289 1030 383 1080 liberor
391 1030 524 1081 austeritas
535 1030 603 1080 sccit.

186 1108 287 1155 xrtttt.
308 1110 424 1165 Praetoria
436 1108 494 1157 inde
506 1108 610 1157 comitia
621 1105 715 1156 habita.
751 1111 781 1158 P.
799 1108 913 1159 Manlius

151 1183 241 1247 vulso,
259 1186 285 1235 ἃ
298 1188 329 1237 L.
342 1188 452 1237 Manlius
465 1187 593 1250 Acidinus,
610 1186 674 1237 uc.
685 1189 821 1247 Laeto'rius,
840 1188 911 1237 neu.

152 1264 255 1315 Cincius
272 1266 411 1317 Alimentus
427 1268 504 1317 creati
522 1266 588 1317 sunt.
622 1267 698 1315 Forte
714 1267 751 1316 ita
766 1266 867 1327 incidit,
883 1277 913 1317 ut

150 1344 261 1397 comitiis
270 1344 383 1413 perseidis
392 1346 559 1406 nunciaretur,
577 1348 612 1396 T.
624 1344 768 1409 Otacilium,
788 1360 866 1411 quem
875 1348 912 1394 Τ.

150 1420 260 1487 turtio,
278 1422 321 1474 nlsr
335 1424 504 1493 interpellatus
515 1422 580 1474 ordo
591 1422 754 1472 comitiomm
771 1422 841 1487 ellit,
859 1423 911 1473 col·

151 1500 234 1567 legam
246 1503 373 1554 absentem
382 1504 482 1555 daturus
491 1502 563 1554 suilse
574 1502 709 1553 videbatur
717 1504 834 1570 populus,
845 1518 912 1553 mor

151 1588 224 1630 tuum
236 1582 262 1630 in
275 1582 357 1633 Sicilia
372 1582 427 1633 esse.
462 1582 529 1633 Ludi
540 1580 697 1650 Apollinares
709 1580 734 1629 dc
746 1580 833 1647 priore
841 1592 912 1630 anno

150 1654 260 1722 fuerant,
283 1661 317 1722 ἃ,
333 1676 364 1712 eo
381 1676 448 1713 anno
464 1671 493 1711 ut
513 1659 610 1724 fierent,
626 1658 749 1709 referente
769 1658 912 1727 Calpurnio

151 1740 265 1805 pratord,
282 1736 380 1789 senatun
394 1738 516 1799 decrevit,
532 1736 598 1788 utin
614 1748 764 1805 perpetuum
778 1752 909 1789 voveren-

151 1821 202 1866 tur.
239 1816 335 1869 Eodem
346 1832 413 1868 anno
426 1816 541 1887 prodigia
557 1816 654 1883 aliquot
667 1813 723 1865 visa
737 1817 910 1883 nunciataque

151 1894 218 1947 sunt.
247 1898 277 1947 ln
290 1894 341 1947 ade
355 1896 503 1949 Concordia
514 1894 634 1958 Videria,
652 1908 707 1963 qna
718 1896 749 1945 in
760 1895 870 1946 culmine
881 1908 907 1944 e·

151 1962 200 2035 rat,
219 1974 323 2026 sulmine
336 1976 384 2027 illa
396 1975 549 2042 deculsaque,
567 1961 597 2025 a'd
609 1972 741 2039 villerias,
760 1986 815 2041 qua
830 1972 907 2023 inan·

151 2054 238 2106 telixie
248 2067 326 2120 crant,
344 2056 419 2121 haesit,
436 2070 516 2123 neque
528 2054 586 2106 inde
600 2052 718 2122 procidit.
749 2056 783 2103 lit
794 2053 910 2119 Anagaid
979 2083 981 2088 >

152 2130 180 2183 dt
195 2134 311 2197 Fregellis
326 2130 471 2185 nunciatum
486 2133 529 2196 est,
543 2146 644 2182 murum
660 2130 791 2199 portasque
802 2129 835 2179 de
845 2130 908 2181 etilo

152 2206 245 2263 talias:
264 2210 289 2261 dt
304 2212 330 2262 in
348 2210 405 2263 soro
418 2210 554 2260 sudertano
566 2208 690 2273 sanguinis
702 2208 771 2258 rivos
782 2222 829 2275 per
839 2207 906 2258 diem

151 2296 236 2339 totum
247 2286 355 2353 duxisse,
371 2288 397 2339 u
407 2279 475 2339 Ereti
484 2286 609 2355 lapidibus
619 2284 713 2355 pluisse,
729 2284 754 2335 a
762 2288 840 2335 Reate
846 2298 904 2335 mu·

152 2364 203 2418 lam
215 2364 343 2435 peperiss'e.
372 2370 408 2417 Ea
417 2366 533 2435 prodigia
542 2364 627 2415 hortis
634 2364 766 2430 majoribus
774 2362 829 2413 sunt
838 2380 905 2432 pro⁴

154 2452 249 2507 curata,
267 2444 292 2494 dc
305 2443 445 2497 obsecratio
454 2445 480 2494 in
491 2458 570 2495 unum
581 2439 649 2493 diem
660 2442 754 2509 populo
762 2440 863 2507 inditia,
879 2442 907 2494 dt

151 2520 313 2575 novemdiale
326 2522 428 2571 sacrun.
448 2521 590 2572 Sacerdotes
605 2519 699 2587 publici
710 2520 808 2585 aliquot
814 2534 848 2569 co
857 2534 906 2569 an-

152 2606 190 2653 no
201 2597 326 2649 demortui
339 2598 403 2661 sunt,
421 2601 533 2667 novique
543 2597 652 2648 suillii:
670 2596 696 2647 in
710 2598 794 2648 locum
805 2600 846 2646 Μ.
860 2600 908 2647 AE-

155 2677 219 2731 milii
231 2676 346 2727 Numida
361 2666 495 2728 decemviri
514 2676 641 2727 sacrorum
652 2675 691 2725 Μ.
704 2674 818 2725 AEmilius
829 2675 910 2742 Lepi-
977 2665 979 2684 ÷

152 2756 218 2809 dus:
238 2754 262 2807 in
280 2754 365 2809 locum
383 2756 422 2804 M.
439 2756 573 2824 Pomponii
591 2753 721 2804 Mathonis
736 2750 865 2819 pontificis
878 2756 906 2803 (5.

157 2836 265 2887 Livius:
277 2833 396 2885 inlocum
406 2838 446 2901 Sp.
459 2834 564 2885 Carvilii
574 2831 683 2883 Maximi
692 2832 792 2895 auguris
801 2834 840 2881 M.
852 2836 909 2881 Ser-

156 2912 242 2961 vilius.
277 2914 312 2959 T.
322 2910 446 2965 'Otacilius
456 2908 551 2961 Crassus
567 2908 683 2977 pontifex
694 2909 751 2975 quia
760 2907 908 2959 exaiioan-
976 2913 978 2922 '

154 2994 381 3049 nomortuucerat,
398 2985 606 3040 ideonnrninatio
617 2986 644 3036 in
658 2985 741 3037 iocum
750 2984 864 3049 ejusnon
873 2980 906 3034 eli

829 3058 916 3115 fist&

973 3173 976 3204 l
