2000 3709
138 251 194 304 7132
373 247 441 298 .’Τ.“
474 247 499 298 L'
514 247 568 299 TV
584 247 645 299 rt‘

138 335 246 401 quitum
258 335 283 388 in
302 335 393 390 sumen
408 339 523 403 immissa,
538 339 671 414 medioqu?
680 337 898 406 als0'0h211‘3‘lm·
983 398 985 419 ,

139 427 225 478 -quam
243 416 295 482 pari
313 420 446 468 certamine
462 417 625 478 conotusum3
644 419 738 485 quippe
756 418 804 467 ubi
823 415 900 484 pedet

147 489 275 556 instabilis,
291 491 321 543 'ae
333 495 380 545 vix
391 495 459 546 vado
470 495 556 558 fidens,
567 496 609 545 vei
620 495 653 544 ab
663 496 753 544 inermi
764 497 858 562 equite,
871 507 898 542 e·
983 490 984 495 ’

148 583 201 633 quo
219 579 310 621 temere
320 573 387 635 asim
404 575 514 640 perverti
530 573 625 641 posset:
642 588 726 639 eques,
738 587 846 640 corpore
859 587 898 622 ar·

148 645 243 712 misque
254 647 325 713 liber,
343 665 409 716 equo
421 652 461 702 vel
472 666 516 718 per
526 648 621 702 medios
630 652 740 716 gurgites
750 651 839 714 stabili,
854 663 899 698 eo·

148 723 232 772 minus
247 726 392 792 eminusque
408 741 461 776 rem
478 738 582 791 gereret.
616 729 675 776 Pars
690 729 782 792 magna
796 728 899 776 flumine

138 797 297 869 absumpta:
315 804 424 870 quidam,
441 807 570 857 verticoso
585 807 653 856 amni
670 806 746 856 delati
763 808 791 856 in
809 804 900 865 trouu,

139 879 183 929 -ab
194 879 330 949 elephantis
348 885 435 936 obtriti
447 883 521 935 sunt:
538 886 662 953 postremi,
679 885 770 950 quibus
780 883 899 950 regressus

148 958 177 1008 in
187 958 256 1016 suam
266 963 346 1028 ripam
359 965 437 1015 tutior
448 964 505 1027 luit,
521 978 553 1014 ex
565 965 636 1014 varia
646 964 809 1032 trepidatione
818 977 899 1028 quum
984 996 985 1011 t

148 1035 176 1086 in
186 1052 264 1090 unum
276 1041 458 1106 colligerentur,
471 1042 612 1109 priusquam
623 1057 657 1092 ex
669 1052 741 1094 tanto
751 1055 848 1110 pavore
859 1054 898 1089 re-

146 1115 260 1182 ciperent
277 1120 381 1180 animoa,
399 1118 530 1183 Hannibal,
547 1121 646 1185 agmine
662 1119 783 1185 quadrato
796 1131 898 1168 amnem

148 1191 274 1259 ingrelsus,
291 1197 420 1262 lugam'ex
431 1197 484 1264 ripa
496 1198 570 1247 lecit:
588 1197 735 1264 vastatisque
744 1197 817 1260 agris,
830 1196 899 1244 intra
985 1240 987 1247 .

147 1267 242 1341 paucos
253 1267 304 1326 dies
318 1279 469 1342 Carpetanos
480 1291 581 1343 quoque
591 1275 617 1325 in
628 1271 779 1326 deditionem
788 1274 897 1340 aceepit.

137 1351 182 1400 Ἑν
195 1351 248 1416 jam
259 1354 344 1404 omnia
355 1365 420 1404 tram
435 1354 544 1420 Iberum,
561 1364 650 1422 preter
659 1354 813 1419 Saguntinos,
831 1354 897 1404 Kar·

147 1431 339 1494 tbaginiensrum
351 1441 429 1482 erant.
809 1468 813 1475 -

183 1511 230 1556 vt.
251 1513 313 1559 Cum
326 1510 465 1574 Saguntinis
476 1508 567 1558 beilum
578 1508 689 1560 nondum
698 1518 760 1558 erat.
769 1526 774 1536 ¹
783 1512 896 1559 ceterum

144 1583 199 1650 jam
218 1585 276 1634 belli
295 1586 366 1637 causa
386 1589 519 1638 certamina
536 1603 596 1639 cum
613 1587 725 1638 finitimis
742 1585 896 1650 serebantur,
978 1618 982 1626 ·

146 1657 256 1712 maximi
275 1663 429 1716 Turdetanis.
456 1660 545 1731 quibua
562 1680 640 1731 quum
656 1663 746 1715 adesset
758 1664 834 1738 idem,
850 1664 896 1731 qui

136 1740 198 1790 -litis
209 1749 261 1788 erat
270 1739 346 1806 sator,
364 1757 409 1792 nee
420 1753 545 1792 certarnen
556 1742 627 1805 juris,
643 1742 685 1792 sed
696 1742 750 1796 vina
760 1743 838 1808 quaeri
849 1757 895 1810 ap-

147 1827 260 1885 pareret;
277 1819 351 1883 legati
370 1825 384 1869 a
405 1819 544 1883 Saguntinis
561 1821 669 1870 Romam
682 1819 754 1884 milii,
770 1819 902 1870 auxilium

146 1895 179 1946 cd
190 1893 282 1946 bellum
291 1899 343 1961 jam
355 1897 420 1948 haud
432 1897 507 1947 dubie
515 1899 645 1948 inminens
655 1909 761 1948 oranter.
798 1897 896 1948 Consu·

146 1976 252 2028 leetune
264 1981 431 2028 Romaeerant
447 1979 475 2026 P.
490 1977 620 2027 Cornelios
636 1977 756 2044 Scipio&
768 1978 816 2030 Ti.
826 1982 895 2028 Sem-
986 2008 987 2013 =

147 2057 248 2122 pronius
260 2057 376 2121 Longus:
394 2056 437 2122 qui
454 2069 541 2123 quum,
557 2054 644 2119 legatis
654 2057 681 2106 in
692 2055 803 2106 senatum
813 2058 895 2108 intro·
986 2102 987 2117 ,

146 2129 233 2194 dusiis,
247 2132 280 2181 'de
297 2133 422 2200 republica
434 2129 578 2196 retulissent,
595 2130 770 2199 placuissetque
780 2132 848 2182 mitti
858 2134 895 2182 le·
986 2168 987 2183 t

145 2221 219 2274 gatos
230 2207 255 2260 in
267 2209 410 2278 Hispaniam
416 2211 452 2260 'ad
464 2225 501 2260 res
512 2209 637 2261 socionun
647 2210 824 2277 inspiciendam
841 2214 897 2277 qui-

146 2286 193 2336 bus
210 2285 228 2336 sr
246 2287 372 2338 videretur
387 2288 462 2352 digna
473 2286 554 2352 eausa,
571 2288 597 2337 ἃ
607 2288 742 2338 Hannibali
758 2288 895 2338 denuncia-

146 2377 210 2429 rent,
235 2375 262 2416 ut
277 2368 310 2418 ab
328 2367 475 2432 Saguntinis,
492 2367 566 2417 sociis
583 2367 670 2432 populi
687 2367 804 2430 Romani,
819 2366 896 2417 absti-

146 2456 224 2508 neret,
242 2447 267 2496 u
285 2448 462 2510 Karthaginem
481 2447 507 2495 in
523 2445 635 2510 Africam
645 2446 795 2509 trajicerent,
811 2445 895 2496 aeso-

144 2527 242 2576 ciorum
252 2525 337 2592 populi
349 2526 457 2579 Rotnani
467 2525 635 2592 querimoniae
644 2524 776 2574 deferrent.
794 2527 849 2574 Hae
859 2524 896 2576 le·

145 2605 246 2669 gatione
262 2605 366 2668 decretl,
383 2605 488 2654 necdum
505 2604 587 2668 missi,
605 2606 717 2654 omnium
731 2604 774 2671 spe
789 2605 896 2656 celerior

145 2685 282 2746 Saguntum
293 2682 432 2748 oppugnari
447 2677 549 2730 alatum
560 2681 602 2730 est.
636 2683 713 2731 Tu'ne
723 2682 800 2731 relata
810 2697 844 2732 ex
855 2683 895 2733 in·

144 2769 218 2824 tegio
229 2775 266 2809 res
278 2758 309 2808 ad
321 2758 441 2810 senatum.
461 2761 521 2823 Alii,
539 2760 681 2826 provincias
694 2759 835 2810 consulibus
847 2762 895 2811 Hi-

136 2839 256 2907 spaniam
268 2847 340 2903 atque
353 2835 463 2886 Africam
473 2838 637 2902 decernentes,
647 2840 711 2887 terri
718 2841 831 2906 uterique
842 2855 895 2892 tem
928 2829 935 2843 ’

136 2917 275 2983 gerendam
287 2914 433 2966 censebant:
451 2915 493 2964 alii
509 2924 590 2964 toturn
602 2916 628 2964 in
639 2915 785 2983 Hispaniam
796 2918 894 2966 Hanni-

144 2995 276 3058 balemque
287 2991 445 3044 intendebant
460 2988 562 3040 bellum.
580 2993 665 3055 Erant,
682 2991 726 3056 qui
737 3007 789 3046 non
799 3003 895 3044 temere

143 3065 297 3128 movendam
306 3085 359 3126 rem
370 3078 473 3140 tantam,
489 3066 714 3141 exspetandosque
728 3082 762 3127 tx
772 3071 895 3139 Hispania
950 3089 957 3094 '

794 3150 893 3219 legator

986 1850 988 1905 l

986 1910 987 1971 l

986 1976 987 2005 l

986 2016 987 2077 l
