2000 3709
311 233 481 284 eruar
516 234 607 312 xrrrr.
782 241 833 294 ιο,

83 322 253 393 aspeliam,
272 324 437 375 conscendere
455 340 536 375 naver
553 338 656 392 propere
672 334 748 391 atque
762 337 833 373 arrna

83 405 255 469 caperejubet.
273 404 370 455 classem
383 408 526 455 Romanam
537 404 588 465 jam
600 403 663 453 haud
676 404 763 471 procul
776 416 834 470 por·

82 490 106 526 tu
116 479 172 529 effie.
211 484 272 529 Haec
284 481 379 546 equites
393 480 484 529 dimissi
494 479 579 545 passim
589 481 751 546 imperabant.
771 488 835 531 mox

79 558 216 608 Hasdrubal
237 558 366 623 ipserum
386 559 456 609 omni
472 559 585 606 exercitu
595 559 692 610 aderat:
712 559 836 622 varioque

79 636 161 688 omnia
177 635 291 687 'tumultu
310 638 428 703 strepunt,
447 636 578 687 ruentibus
588 636 613 684 in
623 652 702 693 nares
711 636 785 686 simul
793 651 832 704 ref

77 714 189 779 migibus,
196 716 379 782 militibusque,
391 714 549 780 sugientium
555 717 658 780 magice
667 726 740 778 terra,
757 719 833 780 quam

76 792 229 859 inpugnant
249 795 363 843 euntium
380 794 469 847 modo.
494 793 607 843 Vixdum
618 792 833 845 omnescorrscen·

76 868 170 934 derant,
191 885 269 936 quum
281 872 327 921 alii
338 869 453 921 resolutis
462 872 515 919 oris
526 871 551 919 ‘ur
564 886 666 921 ancoras
677 872 818 921 evehuntur
824 887 832 932 ς

74 946 125 1011 alii,
143 964 177 997 ne
191 946 253 1014 quid
265 958 357 1013 teneat,
374 948 503 998 ancoralia
515 948 639 997 incidunt:
656 948 796 1015 raptimque
805 963 833 997 o·

75 1026 140 1079 mnia
158 1042 322 1093 praepropere
342 1026 450 1090 agendo,
467 1026 574 1077 nulium
591 1037 711 1093 apparatu
730 1026 832 1076 nautica

73 1104 208 1153 ministeria
220 1104 401 1170 impediuntur,
420 1096 586 1169 trepidatione
593 1114 731 1153 ‘nautarum
742 1117 831 1170 capere

76 1178 204 1247 &aptare
225 1195 295 1229 arma
311 1179 383 1229 miles
401 1178 561 1247 prohibetur.
593 1180 625 1228 Et
638 1179 691 1242 jam
702 1182 832 1237 Romanus

75 1271 125 1305 non
136 1256 363 1325 appropinquabat
374 1255 460 1319 modb,
477 1255 519 1305 sed
530 1255 654 1307 direxerat
665 1258 741 1305 etiam
749 1258 775 1306 in
784 1270 831 1323 pu·

75 1348 149 1397 gnam
162 1351 252 1393 naves,
270 1336 355 1401 itaque
367 1333 542 1388 nonabhosle
554 1334 578 1384 ἃ
590 1336 679 1402 prelio,
687 1336 767 1399 magis
778 1336 832 1384 Poe·

76 1412 111 1475 ui,
126 1418 204 1479 quam
222 1412 322 1463 suomet
339 1412 384 1481 ipsi
397 1412 512 1466 tumultu
523 1412 624 1477 turbati,
642 1412 736 1463 tentata
748 1413 834 1464 veriut

75 1494 168 1558 pugni,
186 1497 263 1558 quam
283 1492 355 1557 inita,
373 1493 400 1541 in
416 1490 502 1556 sugam
520 1502 665 1543 averterunt
684 1490 789 1541 classem.
805 1491 833 1545 dt

78 1584 154 1635 quum
166 1570 265 1621 adverfi
279 1570 360 1621 amnis
378 1585 406 1621 os
422 1570 474 1619 lato
486 1571 583 1634 agmine
594 1586 623 1619 ac
635 1580 686 1619 tam
700 1568 785 1619 multia
801 1566 832 1618 li·

77 1649 126 1697 mul
138 1648 302 1699 venientibus
313 1648 381 1699 haud
393 1647 448 1698 sane
460 1648 573 1699 intrabile
582 1648 647 1711 esset,
659 1650 684 1699 in
696 1650 765 1703 linus
777 1647 831 1716 pas·

76 1718 119 1777 suu
129 1722 211 1777 naves'
227 1738 347 1792 egerunt:
364 1737 439 1793 atque
456 1727 499 1776 alii
516 1726 653 1792 vaditLalii
671 1727 734 1777 sicco
746 1728 831 1778 littore

79 1803 187 1871 excepti,
200 1805 292 1870 partim
304 1804 402 1864 armati,
415 1793 631 1871 partim‘inermer',
648 1805 679 1872 ad
689 1800 830 1856 instructam

74 1896 121 1949 per
130 1882 202 1931 littus
219 1882 301 1931 aciem
319 1880 422 1931 suorum
433 1880 571 1947 perfugere.
605 1884 668 1932 Dua
679 1886 762 1931 tamen
779 1881 830 1948 pri·

76 1974 120 2009 mo
130 1956 258 2018 concursu
267 1967 347 2029 rapta
362 1967 432 2008 erant
444 1959 544 2019 Punicae
552 1974 638 2025 naver,
655 1968 763 2028 quatuor
774 1956 831 2029 sup,-

77 2052 173 2164 ΡηΧΧ.
191 2114 309 2177 Romani,
327 2128 470 2181 quanquam
482 2124 545 2165 terra
556 2113 663 2165 hostium
674 2123 734 2180 erat,
751 2127 831 2170 arma,-

78 2200 180 2258 tamque
199 2192 280 2242 aciem
301 2202 357 2241 toto
377 2202 523 2259 praetentam
542 2193 568 2241 in
587 2192 672 2242 littore
690 2191 831 2255 cernebant,

78 2267 143 2319 haud
156 2268 301 2319 cunctanter
313 2268 417 2318 insecuti
427 2268 548 2335 trepidam
557 2267 664 2318 hostium
673 2268 776 2330 classem,
785 2284 829 2319 na·

79 2359 121 2395 ver
130 2362 225 2409 omnes,
243 2362 299 2413 quae
311 2360 362 2395 non
374 2357 419 2396 aut
429 2346 598 2414 perfregerant
609 2361 694 2413 proras
704 2346 788 2397 littore
799 2347 829 2401 ilr

78 2424 140 2487 lisze,
157 2436 202 2475 aut
215 2426 310 2475 carinas
328 2424 439 2481 fixerant,
449 2425 527 2489 vadis,
544 2426 657 2489 religatae
668 2418 794 2494 puppibua
803 2428 829 2477 in

79 2501 154 2550 altum
166 2511 311 2559 extraxere.
335 2500 367 2550 ad
378 2501 486 2567 quinque
498 2500 627 2566 &riginti
637 2517 713 2551 naves
725 2518 758 2554 ex
769 2519 830 2569 qua-

78 2577 192 2643 draginta
205 2594 302 2649 cepere.
337 2581 424 2643 Neque
437 2570 462 2628 id
479 2576 676 2647 pulcherrimum'
684 2580 737 2645 ejus
748 2580 829 2633 visto·

78 2658 118 2709 riae
130 2654 188 2718 suit,
207 2654 248 2703 sed
261 2653 388 2725 qubduna
405 2654 457 2703 levi
475 2655 558 2721 pugna
569 2665 625 2705 toto
638 2656 689 2720 ejus
706 2656 829 2712 orae'mari

25 2738 26 2741 ’
78 2731 151 2799 potiti
162 2739 244 2779 erant.
262 2731 346 2793 itaque
362 2728 394 2778 ad
411 2726 554 2780 Honoscam
565 2728 634 2780 classe
645 2733 767 2799 provesii,
783 2750 828 2786 ex-

79 2807 202 2860 scensione
214 2809 246 2857 ab
260 2808 368 2859 navibus
380 2808 405 2857 in
423 2818 512 2859 terram
522 2808 592 2871 salli,
609 2825 686 2875 quum
700 2796 788 2866 urbem
800 2813 832 2862 vi
854 2816 858 2820 ’
951 2815 954 2820 “

80 2888 203 2954 cepissent,
210 2897 357 2953 captamque
366 2884 526 2953 diripuissent,
534 2889 711 2952 Karthaginem
721 2887 778 2937 inde
785 2904 828 2953 pe·

81 2976 148 3019 tunt:
169 2975 253 3030 atque,
267 2978 367 3014 omnem
376 2968 462 3029 agrum
472 2966 537 3015 circ‘a
545 2964 697 3031 depopulati,
706 2964 830 3029 poslremb

82 3040 142 3096 teila
161 3056 263 3119 quoque
280 3034 411 3109 eonjunita
428 3056 500 3094 muro
517 3040 644 3116 portisque
656 3040 827 3167 incenderuqr.

406 3129 409 3137 ’
622 3132 625 3138 ’
763 3120 795 3170 tn
812 3134 827 3167 e
