2000 3709
293 262 461 321 Lrnlttt
495 252 584 317 xxll.
775 261 826 329 ai?

98 354 131 403 cie
140 354 311 421 transfugarum
323 360 400 424 quum
412 358 444 407 ab
456 356 514 417 sula,
531 370 627 424 parmas
637 356 690 423 poll
700 367 770 423 terga
782 359 827 406 lra-

94 426 174 495 bentes‚
189 434 371 501 adequitill'ent,
388 439 493 503 repenti:
505 450 537 483 ex
548 432 615 499 equis
626 434 753 495 defiliun13
770 450 827 503 par·

94 508 176 573 misque
191 510 313 573 &jaculis
325 511 470 577 antepedes
483 510 587 559 hostium
598 509 721 576 projenie,
739 510 766 559 in
775 524 829 559 me·

92 584 149 635 diam
159 589 235 637 aciem
247 592 354 657 accepti,
371 589 487 653 duilique
499 588 530 637 ad
538 589 645 649 ultimos,
663 587 830 638 confideteab

86 672 149 727 tergo
157 665 279 729 jubentur
285 686 293 729 ;
312 684 349 730 ac,
364 667 424 715 dum
436 664 551 733 proelium
562 667 594 714 ab
605 664 675 715 omni
685 676 755 731 parte
766 680 829 715 eon·

62 744 66 751 '
85 738 173 804 seritur,
190 746 276 808 quieti·
286 746 440 795 manserunt.
459 743 588 810 postquam
605 743 718 791 omnium
732 745 830 793 animoa

85 818 209 886 oculosque
221 833 392 892 occupaverat
404 831 538 884 certamen,
555 830 617 884 turn,
634 819 830 887 arreptiascutio,

84 912 132 961 qua
142 899 224 965 paffim
237 903 305 952 inter
321 916 424 952 acervos
439 897 557 949 caesorum
567 914 702 966 corporum
719 898 791 947 ilratn
802 914 831 948 es

84 987 140 1039 rant,
157 980 271 1029 aversam
290 980 437 1029 adoriuntur
449 981 589 1028 Romanam
601 976 695 1037 aciem5
711 986 831 1043 tergaque

83 1053 199 1118 lerientes,
217 1073 247 1107 ac
260 1058 367 1125 poplites
385 1057 514 1119 credentes,
531 1054 635 1117 stragem
646 1054 781 1117 ingentem,
799 1067 831 1104 ae

82 1132 195 1196 majorem
212 1138 345 1202 aliquanto
363 1151 485 1204 pavorem
499 1150 528 1183 ac
545 1133 689 1194 tumultum,
705 1132 828 1183 fecerunt.

87 1212 162 1273 Quum
172 1213 233 1263 alibi
246 1226 329 1264 terror
339 1232 368 1264 ac
380 1216 448 1278 luga,
466 1212 526 1261 alibi
539 1208 691 1278 pertinax‘in
702 1212 768 1260 mala
777 1211 830 1274 jam

84 1286 120 1353 spe
135 1292 252 1356 proelium
271 1292 343 1353 effen
361 1292 507 1367 Hasdrubal,
523 1290 569 1365 qui
586 1288 614 1337 ea
630 1298 701 1354 parte
718 1299 830 1354 preerat,

84 1362 205 1417 lubduflos
224 1384 258 1419 ex
277 1369 360 1420 media
371 1370 425 1418 acie
437 1366 566 1427 Numidas,
584 1365 641 1430 quia
653 1363 733 1427 segnia
743 1373 830 1414 eorum
869 1368 878 1373 '

83 1456 133 1491 eum
150 1444 259 1496 adverfis
276 1463 360 1514 pugna
377 1457 438 1510 erat,
456 1446 486 1495 ad
502 1440 685 1511 persequendos
696 1440 779 1508 pailirn
790 1439 831 1491 su·

83 1519 170 1581 glentes
181 1524 279 1575 mittit:
300 1524 422 1593 Hispanos
440 1524 465 1573 ἃ
481 1523 567 1591 Gallqs
580 1519 683 1588 pedites,
700 1516 752 1583 jam
764 1516 834 1570 Adria

84 1602 153 1664 prope
167 1598 241 1665 tetus,
260 1600 328 1651 caede
339 1602 417 1665 magis
429 1606 504 1666 quam
516 1600 606 1667 pugni,
625 1594 748 1660 adjungit.

112 1679 207 1729 XLIX.
226 1683 302 1731 Parte
314 1680 389 1729 altera
401 1694 491 1747 pugnae
504 1678 610 1737 Paullus,
628 1688 771 1741 quanquam
779 1671 831 1742 prl-

78 1758 120 1800 tuo
131 1752 210 1805 statim
222 1756 314 1825 proelio
325 1755 401 1806 funda
411 1756 523 1821 graviter
534 1752 594 1802 iiius
605 1750 693 1813 fuerat,
711 1762 795 1802 tamen
805 1750 832 1802 de

85 1834 185 1883 occurrit
197 1834 264 1903 saepe
276 1850 332 1883 eum
351 1833 467 1885 confertis
486 1828 629 1896 Hannibali,
649 1830 675 1881 Bt
685 1830 782 1895 aliquot
792 1828 831 1879 lo·

83 1908 114 1957 cis
124 1912 238 1976 proelium
251 1914 362 1974 restituit,
381 1912 569 1980 protegentibus
580 1923 637 1959 eum
646 1907 770 1975 equitibus
779 1909 831 1957 Ro·

86 1990 170 2050 manin
186 1991 282 2042 omitlls
302 1990 424 2059 postremo
441 1989 518 2053 equis,
535 1987 596 2053 quia
612 1984 739 2035 consulem
756 1976 781 2035 dr
800 1982 832 2034 ad

85 2066 213 2129 regendum
233 2084 327 2135 equum
344 2069 409 2118 vires
425 2066 583 2117 deficiebant.
601 2076 655 2114 tum
672 2062 832 2113 denuncianti

84 2143 183 2212 cuidam,
198 2147 291 2213 juliille
302 2144 428 2197 consulem
439 2144 471 2194 ad
486 2142 561 2211 pedes
571 2140 716 2191 descendere
726 2140 832 2206 equitet,

85 2217 164 2272 dlxille
175 2224 347 2275 Hannibalem
363 2222 454 2284 ferunt,
472 2225 548 2287 Quam
565 2220 659 2282 mallem,
677 2217 760 2267 vindos
777 2218 832 2270 mili

85 2300 190 2353 traderet!
209 2304 334 2371 Equitum
351 2300 460 2368 pedestre
477 2298 599 2367 proelium,
617 2298 689 2362 quale
701 2296 753 2360 jam
765 2294 832 2347 haud

86 2372 153 2427 nubit
170 2380 281 2429 hostium
293 2374 407 2440 vistorii,
425 2376 473 2425 suit
485 2394 493 2436 ;
511 2388 589 2439 quum
600 2372 660 2423 visti
672 2374 737 2422 mori
748 2370 775 2423 in
787 2386 833 2422 ve-

86 2449 151 2513 ssigio
162 2454 275 2516 mallent,
286 2458 360 2520 quam
372 2452 458 2516 sugere
465 2470 473 2513 ;
490 2448 607 2511 victores,
623 2448 780 2499 morantibus
792 2448 833 2497 vi·

87 2525 181 2581 {loriam
193 2534 262 2597 irati,
279 2530 439 2593 trucidarent,
458 2542 522 2595 quos
538 2526 629 2594 pellere
640 2542 691 2577 non
706 2526 832 2595 poterant.

87 2611 231 2676 pepulerunt
241 2622 326 2662 tamen
335 2611 388 2675 jam
397 2622 493 2677 paucos
505 2605 653 2673 superantes,
671 2607 696 2656 aa
708 2605 794 2656 labore
802 2620 833 2655 ac

88 2687 228 2741 ulneribus
245 2686 327 2739 seffor.
362 2686 423 2738 Inde
440 2684 546 2753 ‹lillipati
561 2698 647 2734 omnen
662 2682 726 2746 sunt,
744 2682 833 2749 equol-

88 2776 131 2830 que
147 2766 295 2831 adingam,
312 2764 356 2831 q‘ut
374 2772 497 2831 poterant,
514 2762 667 2828 repetebant.
703 2763 749 2811 Cn.
765 2761 833 2808 Len·
901 2791 910 2797 -

87 2842 148 2894 tulus
158 2844 275 2894 tribunus
286 2842 401 2906 militum,
418 2856 504 2907 quum,
520 2840 701 2907 praetervehena
713 2850 787 2901 equo,
795 2832 833 2883 se·

88 2916 181 2972 dentem
198 2921 226 2971 in
244 2919 306 2970 saxo
323 2934 411 2970 cruore
428 2918 558 2986 oppletum
574 2917 701 2969 consulem
717 2910 833 2963 vidiffeta

90 2998 116 3047 L.
126 2999 215 3061 AEmilt',
232 2999 322 3065 inquit,
338 2993 477 3064 'quem'urtum
492 2998 593 3063 insontem
603 2992 741 3062 ealpaecladr's
749 2988 834 3040 dedier·
848 3036 870 3044 ,.

88 3090 117 3133 υ
126 3078 169 3133 nti
178 3077 287 3149 reptem
297 3074 380 3142 debeat,
398 3074 512 3145 capellae
522 3089 606 3143 σφω,
622 3070 709 3127 darn&
723 3066 836 3211 tili-atr:
890 3107 896 3117 ,

170 3162 174 3169 ’
795 3160 810 3195 rr
