2000 3709
346 220 370 271 L
389 223 402 271 1
420 223 442 271 B
459 222 522 273 ER
554 223 590 272 Χ.
798 224 835 283 65

84 308 292 375 irrigantibus
310 314 443 362 maritimis
452 332 459 373 ;
476 328 550 375 agros
566 311 632 363 haud
648 312 739 381 procul
748 313 836 379 proxi·

83 401 134 435 mos
144 388 293 454 campeslres
307 392 375 438 cerni
382 408 390 451 ;
408 390 529 437 ulteriora
547 390 633 449 colles;
650 390 707 439 inde
718 388 765 437 esse
776 389 834 440 osli·

83 476 123 511 um
131 464 242 512 fluminis
254 466 358 531 praealti‚
376 468 428 529 quo
438 464 574 529 circumagi
585 480 661 513 naves
671 465 836 515 intrationem

84 548 160 587 tutam
181 540 281 590 vidisse:
307 543 457 604 (Meduacus
476 541 556 589 amnis
580 545 640 604 erat)
658 538 835 602 coinredum

84 616 176 665 classem
186 618 269 669 subire
281 620 386 668 flumine
398 616 505 666 adverso
513 618 588 679 jussit.
618 617 779 667 Graviffimas
788 633 834 665 ua-

84 693 153 741 rium
164 710 218 745 non
233 696 337 761 pertulit
350 694 438 743 alveus
452 693 568 743 fluminis,
586 695 611 743 in
622 694 718 743 leviora
732 693 836 757 navigia

82 771 223 835 transgressa
235 773 373 823 multitudo
385 782 539 821 armatorum
551 770 582 819 ad
602 772 743 837 frequentes
751 786 835 837 agros,

83 851 157 900 tribus
169 854 301 901 maritimis
314 850 496 899 Patavinorum
508 849 569 897 vicis
585 850 725 899 colentibus
738 865 793 899 eam
804 865 834 899 o·

82 943 140 990 ram,
158 931 286 995 pervenit.
321 928 361 977 Ibi
373 925 469 991 egressi,
487 926 538 973 levi
549 926 779 992 praestdionavibui
794 940 834 975 re-

81 1002 146 1066 lislo,
165 1006 236 1054 vicos
257 1014 414 1071 expugnant,
432 1003 587 1049 inflammant
609 1002 680 1068 tesia,
701 1004 834 1054 hominum

83 1080 255 1147 pecudumque
268 1080 360 1148 praedas
372 1087 458 1143 agunt,
469 1078 493 1125 dr
506 1078 634 1128 dulcedine
646 1079 769 1146 predandi
778 1080 834 1129 lon·

82 1159 135 1221 gius
146 1158 224 1223 usque
241 1165 256 1207 ὲ
268 1159 376 1207 navibus
392 1156 538 1223 procedunt.
572 1160 631 1207 Haee
643 1158 688 1207 ubi
701 1159 833 1209 Patavium

83 1232 139 1285 sunt
148 1238 275 1301 nunciata,
293 1235 400 1302 (semper
408 1246 491 1283 autem
503 1250 545 1283 eos
553 1236 580 1285 iu
590 1235 763 1285 armisaecolae
772 1236 834 1285 Gal·

84 1312 255 1378 lihabebantp
264 1315 289 1362 in
309 1312 370 1363 duas
389 1322 470 1379 partes
484 1312 643 1375 juventutem
658 1312 783 1363 dividunt.
799 1312 835 1362 al·

84 1402 135 1441 tem
152 1392 179 1441 in
193 1393 332 1455 regionem,
350 1392 400 1456 qud
417 1389 491 1442 effusa
509 1391 641 1457 populatio
656 1390 819 1441 nunciabatur
824 1408 834 1451 ς

82 1468 166 1529 altera,
183 1482 216 1516 ne
229 1469 270 1517 cui
282 1468 426 1535 praedonum
437 1467 516 1516 obvia
524 1466 603 1529 fieret,
619 1466 698 1517 altero
706 1466 793 1515 itinere
802 1466 835 1517 ad

82 1546 212 1595 stationem
221 1546 326 1593 navium
344 1544 431 1609 (millia
445 1553 530 1593 autern
540 1541 729 1609 quatuordecim
740 1544 773 1592 ab
787 1558 834 1610 op-

82 1622 143 1689 pido
154 1622 250 1686 aberat)
267 1620 348 1671 duda.
383 1623 505 1671 lunares
523 1634 621 1685 parrae,
639 1618 779 1669 custodibus
793 1622 833 1669 in·

83 1698 219 1764 teremptis,
236 1698 342 1763 impetus
360 1695 451 1757 sosium
469 1696 600 1760 territique
617 1707 697 1745 nautae
708 1707 835 1761 eoguntur

83 1791 160 1827 naves
172 1777 198 1825 in
216 1776 319 1825 alteram
335 1776 415 1841 ripam
432 1775 513 1823 amnis
523 1772 673 1837 transjicere.
691 1774 716 1822 dt
728 1774 754 1823 in
768 1784 834 1825 terra

83 1851 228 1919 prosperum
245 1855 313 1916 aeque
333 1853 357 1901 in
373 1851 468 1917 palatos
486 1849 633 1917 praedatores
652 1850 765 1915 proelium
779 1847 833 1898 sue·

82 1939 137 1978 rat:
155 1929 384 1993 refugientibusque
393 1928 424 1977 ad
439 1928 569 1977 stationem
582 1929 675 1977 Graecis
684 1925 776 1975 Veneri
787 1925 834 1974 ob-

81 2004 173 2055 fistuttt.
196 2006 234 2051 Ita
247 2006 271 2053 in
284 2004 368 2054 medio
380 2004 545 2053 circumventi
557 2002 635 2051 hostes
643 2002 743 2066 caelique
752 2018 769 2060 ;·
777 2013 834 2065 pare

82 2082 148 2147 capti
160 2080 257 2129 classem
266 2081 378 2129 indicant
392 2094 525 2144 regemque
541 2079 708 2142 Cleonymum
718 2078 765 2127 tria
776 2077 833 2125 mil-

81 2158 114 2220 lia
126 2156 215 2207 abesse.
252 2157 322 2220 Inde,
341 2156 448 2223 captivis
457 2157 577 2222 proximo
588 2157 647 2205 vico
658 2157 683 2204 in
697 2154 834 2205 custodiam

82 2234 153 2298 datis,
171 2252 228 2303 pars
242 2237 376 2285 fluviatiles
399 2250 484 2296 naves,
501 2233 533 2282 ad
551 2234 686 2299 superanda
705 2234 770 2285 vada
786 2235 833 2283 sla·

81 2318 189 2375 gnorum
200 2316 256 2378 apti:
268 2313 348 2378 planis
362 2311 443 2359 alveis
452 2310 591 2371 fabricatas,
608 2325 664 2376 pars
675 2311 775 2375 captiva
788 2325 835 2358 na·

81 2388 150 2451 uigia
165 2391 266 2441 armatis
286 2388 423 2453 complent.
440 2386 596 2453 prosesiique
612 2388 645 2437 ad
663 2385 767 2448 classem,
784 2388 833 2435 im·

80 2465 187 2515 mobiles
198 2482 283 2527 naves,
301 2465 327 2517 tc
342 2465 398 2513 loca
411 2465 499 2527 ignota
511 2464 573 2529 plus,
590 2469 665 2527 quim
681 2464 783 2526 lrosiem,
800 2468 833 2513 ti·

80 2553 186 2605 mentes,
193 2540 402 2594 circumvadunt:
419 2540 589 2604 fugientesque
606 2543 631 2593 in
649 2541 727 2592 altum
743 2541 833 2602 acrius,

81 2624 156 2683 quim
168 2636 193 2669 re
198 2630 348 2686 pugnanter,
365 2618 487 2683 usquead
502 2619 590 2669 ossium
608 2619 686 2668 amnis
703 2620 832 2685 persecuti,

80 2699 159 2762 captis
178 2698 327 2761 quibusdam
348 2695 498 2758 incensisque
517 2697 623 2744 navibus
641 2697 754 2760 hostium,
772 2712 832 2762 quas

80 2774 214 2839 trepidatio
226 2775 252 2821 in
264 2773 332 2821 vada
344 2773 467 2833 intulerat,
480 2770 587 2821 vislorer
595 2783 762 2823 revertuntur.
775 2774 832 2822 Cle·

81 2866 198 2915 onymus,
216 2851 264 2899 vix
278 2850 367 2913 quinti
378 2860 447 2913 parte
459 2850 563 2897 navium
573 2849 699 2911 incolumi,
716 2850 783 2898 nulli
793 2865 833 2899 re-

80 2929 155 2991 gione
167 2930 242 2978 maris
256 2926 395 2980 Hadriatici
407 2926 522 2992 prospere
534 2926 608 2987 adiu,
616 2927 728 2977 discessit.
746 2929 832 2981 Rostra

80 3007 185 3059 navium
197 3004 328 3072 spoliaque
339 3006 480 3069 Laconum,
495 3004 523 3053 in
532 3004 584 3059 ade
592 3005 699 3071 lunonis
714 3005 832 3079 veterisi-
