2000 3709
146 270 170 319 1
397 271 639 323 ·'1·.·L1vtt

152 356 269 423 stringere
279 358 372 411 licuisse
384 361 486 425 gladios,
503 378 555 412 non
567 376 668 411 manum
680 374 736 411 cum
755 360 823 411 holle
842 374 902 415 eon:

154 434 235 488 serre:
253 438 297 489 fibi
309 441 474 505 nequicquam
491 456 568 502 arma,
585 440 749 505 nequicquam
768 440 842 503 vires,
860 454 903 487 ne·

155 517 288 582 quicquam
297 521 393 569 animos
407 519 486 570 datos.
523 522 582 569 Haec
593 518 755 569 frementibus
765 520 827 567 hora
841 517 906 583 sata·

152 591 183 641 lis
201 594 343 657 ignominia
354 595 465 659 advenit,
483 597 569 645 omnia
580 596 685 645 tristiora
699 595 854 663 experiundo
865 594 905 644 sa-

143 668 230 733 diura,
248 678 320 736 quam
338 688 391 739 qua
409 684 574 740 preceperant
590 671 688 723 animis]
722 676 780 738 Jam
793 673 906 741 primum

153 762 212 797 cum
231 748 329 813 singulis
348 752 497 801 vestimentis
516 752 705 801 inermeseatra
722 752 816 801 vallum
833 751 905 800 exire

56 828 62 833 '
151 825 215 889 juffi,
234 826 259 877 de
275 828 350 893 primi
370 830 454 879 traditi
465 829 568 892 obfides,
584 841 658 894 atque
673 832 700 879 in
713 830 848 879 custodiam
859 829 905 877 ab·
973 851 976 858 ¹

153 903 229 955 dusii-
268 909 363 955 Tuma
379 905 522 957 consulibus
532 907 601 957 abire
615 907 785 972 lisloresjusli,
802 906 905 973 paluda-

153 982 414 1049 mentaquodctrasia5
433 996 528 1035 tantam
538 986 603 1034 inter
614 983 679 1051 ipsos
696 985 747 1050 qui,
764 984 839 1051 paulo
858 998 905 1033 an·

154 1065 177 1111 te
189 1078 231 1111 eos
243 1060 404 1126 exsecrantes,
416 1063 541 1115 dedendos
549 1061 738 1129 lacerandosque
750 1062 904 1124 censuerant,

94 1162 96 1167 ·
152 1128 336 1191 miserationem
354 1138 421 1204 fecit,
438 1152 474 1205 ut,
492 1140 540 1190 suae
559 1140 661 1206 quisque
672 1139 822 1191 conditionis
839 1139 905 1189 obli·

152 1227 202 1280 tus,-
216 1217 307 1274 abillo
309 1216 490 1271 deformatione
502 1229 576 1269 tantae
588 1217 738 1283 majestatis,
738 1218 809 1268 velut
818 1216 851 1267 ab
858 1230 904 1267 ne

139 1294 230 1353 ·santlo
214 1292 387 1361 ospeslaculo,
405 1307 529 1345 averteret
542 1312 572 1345 ο
565 1296 637 1353 ulos.

141 1400 144 1408 ι
183 1376 235 1426 Vl.
253 1373 328 1421 Primi
340 1373 451 1423 consules
462 1389 540 1441 prope
557 1372 678 1423 seminudi
691 1371 832 1438 subjugum
844 1348 904 1423 mis-

153 1448 187 1501 si:
205 1459 266 1511 tum,
283 1449 426 1515 utquisque
438 1449 515 1513 gradu
529 1451 659 1517 proximus
669 1461 737 1514 erat,
748 1451 782 1499 ita
794 1450 904 1513 ignomi-

152 1528 200 1579 niae
211 1525 337 1590 objectus}
353 1536 406 1577 tum
427 1526 544 1595 deinceps
554 1526 652 1592 sagula
662 1526 780 1591 legiones.
798 1528 905 1577 circum·

151 1605 248 1655 stabant
258 1604 346 1655 armati
358 1604 447 1670 hosies,
457 1604 638 1672 exprobrantes
649 1603 834 1680 eludentesque:
847 1595 908 1669 gla-

152 1681 188 1731 dii
199 1682 276 1731 ctiam
286 1680 424 1749 plerisquc'
418 1682 551 1733 intentati:
569 1682 595 1741 &
607 1682 729 1731 vulnerati
746 1680 847 1770 quidam
858 1696 903 1731 ne-

151 1761 258 1825 cecique,
275 1757 293 1807 fi
310 1760 394 1808 vtrltus
406 1774 493 1809 eorum
508 1743 654 1828 indignitate
665 1775 749 1816 rerum
764 1760 845 1809 acrior
858 1760 901 1809 vi·

153 1836 247 1889 (iorem
263 1835 408 1887 offendisset.
434 1837 470 1889 ita
487 1835 591 1905 tradusii
611 1836 675 1886 sub
666 1837 807 1902 jugum&
808 1875 815 1901 ,
832 1838 903 1903 quod

153 1920 215 1983 pene
237 1916 338 1979 gravius
356 1926 416 1980 erat,
434 1931 478 1983 per
490 1894 597 1967 hosiium
607 1915 702 1965 oeulos.
726 1930 804 1981 quum
815 1918 828 1963 e
839 1914 904 1965 saltu

152 1993 288 2056 evabsseut,
305 1993 356 2058 etsi,
374 1994 443 2043 velut
454 1993 486 2043 ab
500 1993 585 2043 inseris
598 1992 710 2055 extrasii,
727 2003 780 2041 tum
792 1995 907 2059 primum

136 2074 234 2123 *lucem
244 2071 369 2138 adspicere
380 2068 425 2119 vifi
443 2069 508 2135 sunt,
526 2081 608 2120 tamen
620 2069 672 2136 ipsa
685 2070 730 2119 lux
743 2070 778 2119 ita
789 2070 904 2131 desotme
968 2073 972 2077 ’

150 2150 305 2213 intuentibus
321 2163 412 2213 agmen
425 2148 499 2199 ,omui
514 2158 594 2197 morte
611 2148 701 2197 tristior
712 2148 769 2197 suit.
804 2152 903 2215 ltaque,

151 2244 230 2297 quum
241 2236 299 2276 ante
309 2224 407 2277 nollem
420 2229 532 2293 Capuam
551 2227 682 2293 pervenire
693 2223 797 2292 possent,
814 2227 903 2276 incerti

151 2308 183 2357 de
195 2304 249 2355 fide
267 2302 401 2367 sociorum,
420 2302 445 2351 dt
460 2302 527 2367 quod
547 2302 628 2369 pudor
645 2302 818 2369 praepediebat,
834 2305 902 2352 eirea

150 2387 220 2437 viam
232 2382 297 2433 haud
310 2382 396 2450 procul
410 2382 494 2447 Capu&
505 2382 618 2431 omnium
631 2380 701 2445 egeni
714 2397 819 2447 corpora
831 2382 902 2433 humi

136 2460 351 2532 ’ῙιτοιιιιιιιοιιιιιιΙ
379 2456 454 2521 Quod
465 2458 510 2507 ubi
527 2456 559 2505 est
576 2460 686 2525 Capuam
702 2458 854 2520 nunciatum,
872 2472 900 2511 e·

150 2541 214 2592 vicit
234 2535 358 2587 miseratio
375 2536 438 2599 jutta
460 2533 585 2595 seciorem
605 2533 744 2601 superbiam
764 2537 902 2598 ingenitam

152 2614 294 2683 Campanis.
304 2612 441 2675 confestim
452 2612 554 2676 iufignia
565 2611 606 2661 sua
619 2612 768 2678 consulibus,
781 2613 863 2678 fasces,
873 2615 903 2675 li-

147 2694 237 2757 flores,
255 2708 331 2757 anna,
348 2708 432 2759 equos,
450 2692 603 2754 vestimenta,
621 2704 771 2748 commeatus
780 2695 903 2752 militibus

149 2771 256 2833 benigne
272 2769 388 2823 mittunt:
407 2767 432 2817 dt
449 2768 606 2819 venientibus
622 2770 734 2833 Capuam
745 2769 847 2820 cunsius
863 2770 901 2824 se·

130 2858 225 2911 gnatus
236 2844 398 2913 populusque,
414 2844 516 2893 obviam
526 2844 617 2908 egressi,
632 2842 701 2907 justis
719 2847 835 2913 omnibus
852 2848 901 2899 ho-

150 2924 286 2992 spitalibus,
304 2919 497 2990 privatisque&
517 2922 621 2989 publicis
641 2920 778 2987 funguntur
797 2924 901 2978 officiis:

133 3016 229 3067 ⁸neque
249 3000 295 3049 illis
314 2999 438 3055 sociorum
458 3002 571 3064 comitas,
595 3000 725 3066 vultusque
743 3002 855 3067 benigni,
873 3006 902 3057 ἃ

149 3080 258 3151 alloquia
274 3095 326 3137 nou
336 3077 412 3137 modo
427 3078 567 3152 sermonem
578 3079 675 3146 elicere,
690 3078 732 3131 sed
741 3097 782 3148 ne,
799 3093 827 3134 ut
838 3098 901 3142 ocu-

662 3170 667 3180 “
859 3161 901 3223 lei
