2000 3709
147 263 196 318 'm
394 257 433 310 Τ.
467 257 624 313 utvtt

116 372 121 379 ·
147 345 252 416 spiceret
263 348 373 413 habenti,
391 365 423 402 ne
434 350 576 401 remorandi
584 348 686 416 quidem
697 347 795 402 eausam
806 350 834 402 in
846 348 903 401 ita·
989 377 990 400 ;

147 427 255 480 liasore.
290 431 415 494 Rhegium
433 431 511 480 etiam
527 431 648 480 nuncium
664 429 745 480 mittit
760 430 792 479 ad
809 429 904 497 prese·

132 503 214 556 ‘stum
226 505 338 574 ptzfidii,
350 507 418 575 quod
428 507 461 557 ab
472 507 580 556 Lavino
590 503 817 559 consuleadversut
826 509 904 556 Brut-

147 581 197 634 tioa
208 583 243 633 ibi
256 584 365 636 locatum
377 595 438 650 erat,
454 583 514 636 olio
524 584 602 636 millia
613 584 761 633 hominum:
778 598 835 651 pars
846 597 903 632 ma·

146 659 218 714 aima
229 659 262 710 ab
275 661 424 728 Agathyrna
440 660 511 726 (ficut
520 672 596 710 antea
606 659 700 711 dilium
712 658 756 721 est)
773 673 807 709 ex
817 658 904 708 sieilia

147 737 268 802 eduen,
284 751 359 808 rapto
379 741 467 791 vivere
486 741 619 790 bominum
635 739 804 790 adsuetorum.
822 737 922 788 additi=

148 827 222 868 erant
239 819 393 870 Bruttiorum
412 817 522 870 indidem
532 817 651 886 perfuga,
667 818 693 867 da
703 817 844 867 audacia&
858 831 907 867 au-

148 893 224 948 dendi
241 897 327 948 omnia
345 897 525 950 neeellitatibus
545 911 625 964 paret.
658 899 732 946 Hane
748 905 852 944 manum
870 893 904 944 ad

148 973 273 1026 Bruttium
293 975 401 1042 primurn
417 991 505 1041 agrurn
524 975 725 1043 depopulandum
747 973 808 1024 duci
824 972 905 1037 julie,

148 1053 207 1104 inde
223 1051 255 1103 ad
268 1047 416 1104 Cauloniam
434 1055 521 1104 urbem
536 1051 739 1120 oppugnandam.
774 1054 906 1118 Imperata

147 1142 200 1186 tlon
217 1129 325 1197 impigre
343 1129 432 1192 solbrn,
449 1129 490 1180 sed
507 1131 584 1180 etiarn
600 1129 682 1188 avide,
698 1125 820 1190 exseeuti,
836 1127 905 1175 dire-

149 1209 199 1277 ptit
215 1207 354 1277 fugatisque
372 1211 510 1260 cultoribus
522 1210 585 1274 agri,
601 1208 697 1257 summi
714 1223 742 1256 vr
734 1187 860 1258 urbem
854 1221 904 1272 op-

149 1285 304 1376 pugnabant.
340 1287 481 1348 Marcellus,
499 1286 525 1336 dt
541 1283 650 1335 consulis
663 1283 742 1334 literis
752 1283 860 1342 excitus,
877 1281 904 1334 ἁ

148 1363 210 1430 quia
226 1363 262 1412 ita
279 1364 305 1413 in
322 1365 435 1414 animum
451 1363 596 1424 induxerat,
612 1362 739 1412 neminem
749 1361 839 1418 ducem
849 1362 903 1408 lio·

149 1453 253 1492 manum
264 1451 314 1491 tani
324 1455 407 1509 parem
420 1440 565 1502 Hannibali,
582 1444 658 1504 quarn
670 1437 703 1497 se,
714 1436 771 1501 elle,
788 1438 833 1486 ubi
845 1435 904 1505 pri·

150 1521 221 1570 mum
237 1517 263 1568 in
273 1519 339 1583 agria
351 1518 434 1585 pabuli
446 1518 521 1585 eopia
530 1517 588 1579 suit,
603 1529 637 1566 ex
647 1515 757 1566 bibernis
768 1514 906 1582 profeant,

150 1593 183 1646 ad
198 1594 330 1646 Catullum
347 1597 480 1647 Hannibali
499 1595 616 1646 occurrit.
649 1594 802 1644 sollicitabat
815 1592 846 1641 ad
858 1592 905 1642 de·

150 1671 284 1728 tentonem
303 1673 438 1726 &uufinos
458 1676 555 1725 Poenut.
578 1677 697 1735 ceterum,
719 1683 748 1723 ut
763 1671 904 1740 appropin-

150 1765 228 1821 quate
240 1755 385 1804 Marcellum
397 1753 502 1814 audivit,
520 1751 595 1802 castra
607 1751 666 1802 inde
678 1752 771 1802 movit.
807 1741 905 1819 Aperta

150 1832 295 1896 crataegin,
312 1831 362 1882 sure
373 1833 429 1882 ullis
440 1831 471 1883 ad
489 1831 587 1882 infidias
596 1830 714 1892 latebri23
729 1831 814 1897 itaque
825 1832 851 1880 in
863 1831 904 1881 lo·

150 1924 182 1962 aa
193 1906 300 1961 saltuosa
311 1909 396 1960 cedere
408 1908 465 1960 inde
477 1909 561 1976 erepit.
596 1907 729 1958 Marcellus
741 1907 852 1973 vestigiis
863 1909 905 1958 in·

151 1985 239 2051 (labat,
257 1987 383 2054 eallraque
399 1986 481 2036 eastris
500 1983 659 2035 conferebat:
676 1983 711 2048 ἃ,
727 2000 805 2052 opere
821 1984 905 2053 perse·

150 2059 201 2126 no,
218 2063 347 2131 extemplo
358 2065 384 2114 in
399 2063 478 2114 aciem
490 2061 601 2127 legiones
614 2060 745 2110 educebat.
768 2062 905 2127 Hannibal,

151 2141 281 2191 turrnatim
292 2155 335 2207 per
344 2142 440 2208 equites
447 2140 611 2208 peditumque
616 2138 767 2202 jaculatores
774 2139 841 2190 levia
849 2154 906 2190 cer·

152 2219 248 2271 tamira
268 2217 356 2281 serene,
373 2218 456 2272 casum
473 2216 594 2274 universe
610 2231 699 2284 pugna
712 2232 764 2267 non
775 2217 905 2268 neoeisari·

147 2309 197 2348 aun
213 2296 329 2348 ducebat.
348 2297 439 2360 eradius
450 2292 489 2348 est
507 2308 590 2347 tamen
606 2295 639 2346 ad
658 2295 694 2355 id,
708 2295 775 2361 quod
795 2296 904 2359 vitabat,

151 2385 288 2426 certamen.
307 2374 387 2428 Notle
399 2373 556 2444 pregressum
566 2371 701 2440 ailequitur
711 2374 772 2424 loeis
782 2373 862 2442 planis
873 2389 905 2426 ae

151 2455 294 2524 patentibus
306 2456 447 2506 Marcellus.
465 2454 542 2505 caui-a
556 2453 614 2504 inde
630 2464 772 2520 ponentem,
791 2469 906 2522 pugnan-

152 2531 188 2584 do
199 2532 311 2597 undique
329 2534 354 2583 in
373 2532 519 2595 munitores,
536 2531 653 2598 operibus
664 2531 800 2599 probibet„
825 2535 864 2582 Ita
876 2532 908 2582 fi-

152 2623 203 2678 gna
215 2609 313 2673 collata,
332 2621 521 2678 pugnatumque
531 2609 592 2660 totis
603 2610 699 2676 copiis:
716 2611 751 2672 dr,
767 2625 845 2675 quum
855 2610 908 2674 jana

153 2703 209 2743 nox
221 2687 327 2752 instaret,
340 2692 423 2740 Marte
436 2687 509 2754 aequo
520 2686 646 2738 diseeilum
658 2688 700 2736 eil.
717 2687 802 2752 eastra,
814 2691 910 2755 exiguo

61 2833 63 2838 Ι
153 2765 268 2819 distantia
287 2765 375 2832 spatio,
393 2767 483 2834 raptim
497 2774 555 2815 ante
566 2763 663 2814 nouem
674 2765 824 2832 permunita.
860 2769 909 2818 Po-

154 2843 219 2898 itero
231 2843 271 2894 die
282 2844 336 2892 luce
349 2845 428 2910 prima
439 2844 573 2914 Marcellus
587 2844 614 2892 in
622 2842 702 2892 aciem
713 2845 799 2909 copias
808 2844 909 2896 eduxit.

156 2935 203 2973 nec
215 2921 341 2972 Hannibal
359 2921 507 2972 detrellavit
523 2931 656 2984 certamen,
673 2922 758 2971 multia
769 2922 855 2972 verbis
864 2921 909 2974 ad—
987 2934 988 2943 ¹

155 2998 376 3063 bortatuarnilitea,
387 3009 420 3060 ut,
432 3013 536 3052 meumes
543 2997 665 3064 Trofimeni
678 2999 847 3066 Coumque,
857 3015 909 3050 coa·

155 3077 269 3132 tunderent
272 3079 383 3144 fernim
394 3077 467 3146 noste.
483 3094 563 3150 argere
572 3086 634 3147 algae
649 3073 728 3143 'utstm
738 3094 798 3130 term.
812 3094 854 3128 aon
863 3077 909 3128 iter

749 3196 752 3207 .
825 3152 907 3220 gaietae
984 3182 989 3205 a
