2000 3709
338 241 513 297 LIBER
546 242 648 296 xxvi.
800 237 874 315 eae„v
975 318 979 323 ⁸

94 328 176 397 bello,
191 330 263 400 quod
282 332 420 399 gemndum
439 329 506 395 effet,
523 346 616 396 magno
632 331 749 399 elatoque
767 328 855 379 anino
955 334 961 345 ‘

94 404 220 473 disseruit,
232 422 261 460 ut
270 410 383 463 ardorem
391 424 458 471 eum,
470 408 514 473 qui
525 406 655 472 resederat,
667 408 789 459 excitaret
800 418 858 475 rut·¹

98 484 141 535 sus
160 498 333 555 novaretque:
353 488 378 539 ἃ
398 486 513 555 impleret
532 485 654 536 nominee
665 487 777 537 certioris
794 482 858 552 spei,

98 570 179 629 quam
191 576 308 632 quantam
320 565 381 618 fidet
395 564 504 634 promisti
515 566 627 628 humani,
643 576 688 615 aut
702 567 767 616 tatio
780 580 815 615 ex
826 562 858 613 si-

72 694 76 699 ,
96 640 177 693 ducia
188 660 270 695 rerum
283 644 403 710 subjicere
415 642 485 694 solet.
504 643 563 692 Fuit
574 644 642 692 euim
653 642 738 710 Scipio
749 658 802 694 uon
812 656 858 692 re·

97 720 135 770 rie
147 727 247 773 tautum
259 722 395 773 mrtutib‘us
406 720 537 785 mirabilis,
554 718 596 770 sed
614 720 668 770 arte
683 734 784 787 quoque
801 718 861 786 qua-

99 797 162 849 dam
174 798 206 849 ab
221 798 329 865 juventa
343 801 370 849 in
384 798 576 849 ostentationem
593 812 679 847 earum
689 796 861 864 compositust

47 925 51 932 ,
97 875 220 944 pleraque
237 878 303 946 apud
315 876 510 940 multitudinem,
531 885 575 925 aut
591 892 637 943 per
653 874 785 926 noliuruat
804 872 859 925 visa

99 954 206 1021 species,
218 968 262 1007 aut
271 958 341 1007 velut
349 956 471 1023 divinitus
482 964 566 1005 mente
579 952 685 1018 moniti,
701 967 789 1018 agent:
807 950 860 1002 five

99 1030 126 1083 dt
139 1032 193 1101 ipse
208 1035 275 1101 capti
290 1032 396 1100 quidam
406 1028 579 1104 superslitione
594 1031 682 1095 animi,
698 1029 750 1080 sive
766 1041 795 1080 ut
810 1030 878 1079 itn··

99 1110 173 1178 peria
190 1110 348 1177 consiliaque,
366 1110 437 1161 velut
449 1109 515 1160 sorte
531 1108 625 1159 oraculi
640 1106 718 1172 misl'a,
736 1108 784 1157 sine
796 1122 859 1159 cun-

101 1186 211 1238 elatione
222 1178 425 1255 exsequerentur.
438 1186 476 1237 nd
484 1186 593 1249 hocjam
604 1185 661 1236 inde
673 1185 705 1235 ab
712 1186 786 1237 initio
795 1182 860 1253 praess

100 1280 191 1331 paraus
200 1269 306 1331 animos,
314 1282 347 1318 ex
357 1282 408 1333 quo
416 1276 500 1331 togam
510 1263 610 1313 virilem
619 1262 728 1330 sumpfit,
736 1263 806 1313 nullo
818 1262 861 1312 die
913 1259 918 1267 “

40 1354 47 1369 ·’
101 1346 172 1413 prius
183 1345 259 1395 ullam
271 1347 398 1413 publicam
404 1345 588 1411 privatamque
598 1356 651 1391 retu
670 1342 730 1407 egit,
747 1347 822 1409 quam
833 1342 862 1392 iu

103 1422 259 1489 Capitolium
268 1424 323 1489 iret,
340 1420 508 1489 ingressusque
517 1420 594 1471 edem
604 1417 755 1469 consideret:
772 1419 797 1470 dt
806 1420 862 1488 ple-

102 1514 211 1567 rumque
221 1499 286 1551 solur
296 1501 322 1551 in
338 1500 432 1557 secreto
446 1499 482 1549 ibi
491 1509 590 1566 tempus
599 1507 699 1548 tereret.
734 1498 783 1549 Hic
795 1485 861 1571 moq'

103 1580 150 1645 qui
167 1593 211 1646 per
228 1596 329 1631 omnem
346 1580 427 1631 vitam
444 1576 599 1641 servabatur,
619 1574 661 1626 seu
678 1574 799 1639 consulto,
816 1574 861 1628 seu

103 1665 209 1721 temere,
226 1658 334 1721 vulgatae
351 1648 465 1724 opinioni
483 1652 559 1704 tidem
576 1653 643 1721 apud
658 1652 777 1721 quosdam
789 1654 860 1719 fecit,

103 1734 185 1799 slirpis
203 1750 259 1784 eum
271 1730 369 1785 divinae'
381 1736 464 1788 virum
482 1732 529 1782 esse
539 1750 546 1793 ;
563 1733 695 1798 retulitque
714 1731 815 1796 samam,
832 1734 860 1784 in

104 1812 253 1861 Alexandro
268 1816 365 1877 Magno
380 1813 449 1879 prius
464 1810 604 1874 vulgatam,
623 1810 649 1859 tc
663 1810 776 1859 vanitate
785 1810 810 1861 dt
820 1809 860 1861 sa·

104 1888 164 1938 bula
172 1904 265 1957 parem,
282 1890 369 1955 augule
380 1888 496 1941 immania
507 1886 644 1938 concubitu
655 1896 815 1953 conceptum,
832 1882 860 1939 e
919 1902 922 1906 ’

103 1968 131 2018 in
141 1966 258 2017 cubiculo
267 1968 352 2017 matris
361 1966 412 2032 ejus
423 1964 531 2035 persaepe
539 1962 621 2015 visam
630 1963 739 2031 prodigii
748 1963 801 2027 ejus
809 1962 861 2044 ἡ»,

104 2044 179 2108 ciem,
196 2044 387 2110 interventuque
405 2043 537 2095 hominum
548 2041 677 2093 evolutam
694 2044 804 2109 repente,
822 2050 862 2092 at·

104 2138 154 2191 que
165 2136 199 2171 ex
211 2122 291 2173 oculis
306 2122 422 2191 elapsam.
456 2122 503 2173 llis
519 2120 645 2171 miraculis
655 2134 783 2187 nunquam
794 2120 827 2171 ab
840 2120 862 2171 i:
953 2115 957 2119 ’

105 2200 151 2269 pso
162 2200 229 2249 elusa
243 2200 301 2251 fides
310 2202 358 2251 esl:
375 2200 437 2268 quin
448 2201 533 2268 potius
543 2197 615 2249 antia
625 2207 678 2249 arte
686 2198 802 2272 quadqm,
813 2214 862 2251 nec

104 2276 234 2330 abnuendi
246 2278 293 2328 tale
302 2279 445 2345 quicquam,
463 2292 510 2327 nec
520 2276 604 2344 palam
611 2275 758 2328 affirmandi.
789 2277 861 2328 Mul·
911 2291 918 2295 ·

77 2350 83 2355 ’
105 2368 131 2408 ta
141 2356 191 2408 alia
205 2355 314 2419 ejusdem
329 2357 433 2423 generis,
450 2356 502 2407 alia
514 2370 584 2418 vera,
600 2356 650 2407 alia
657 2355 802 2423 aslimulata,
819 2354 862 2408 ad·¹

104 2434 246 2487 mirationis
257 2434 370 2496 humanae
382 2436 407 2485 in
419 2448 451 2484 eo
462 2434 557 2499 juvene
569 2432 722 2486 excesserant
735 2435 859 2487 modum:

104 2512 196 2581 quibus
210 2510 274 2563 freta
288 2523 349 2563 tunc
360 2512 459 2575 civitas,
476 2512 542 2576 artati
552 2510 745 2583 haudquaquam
754 2519 860 2564 matur‘ae

105 2600 203 2643 tantam
213 2590 306 2643 molem
322 2603 414 2655 rerum,
431 2599 579 2657 tantumque
594 2590 727 2659 imperium
739 2589 859 2660 permisit.

57 2711 63 2722 .
105 2668 148 2720 Ad
157 2683 197 2719 eas
206 2668 299 2737 copias,
316 2684 377 2737 quas
387 2682 420 2719 ex
428 2679 515 2719 vetere
529 2670 642 2719 exercitu
653 2668 773 2738 Hispania
782 2668 861 2719 habe·

105 2748 159 2813 bat,
176 2761 280 2814 queque
294 2752 309 2797 a
324 2748 430 2797 Puteolis
439 2762 497 2797 cum
512 2748 654 2798 C.Ner0ne
664 2747 771 2812 trajeslae
780 2755 861 2817 erant,

105 2826 193 2878 decem
212 2824 291 2875 millia
309 2826 418 2877 militum
437 2826 464 2875 dt
479 2824 548 2875 tnille
565 2826 660 2891 equitet
676 2824 809 2875 adduntur.
834 2824 862 2877 δι’

105 2908 146 2957 M.
159 2902 248 2969 Juniue
265 2904 358 2954 silanus
375 2914 516 2972 propretor
531 2904 632 2967 adjutor
645 2902 677 2953 ad
691 2918 731 2954 res
742 2893 862 2968 gerendae

105 2980 179 3032 datus
189 2980 231 3031 est.
266 2984 305 3031 Ita
315 2992 372 3032 cum
388 2982 491 3045 triginta
505 2982 610 3031 navium
622 2978 691 3030 class'e
706 2980 804 3042 somnes
815 2986 861 3039 auj-

105 3058 356 3131 temquinqueremet
364 3060 443 3125 etam)
452 3058 520 3115 ostiis
528 3058 655 3119 Tiberinis
663 3056 788 3134 prosellut
796 3071 868 3137 pre?
942 3103 944 3110 ,

820 3146 861 3192 Μ
