2000 3709
165 300 199 348 η
430 283 659 337 T.Liv11

75 365 76 374 ’
146 373 281 437 ,collegae
298 387 352 440 qua
370 371 484 440 exposui.
519 374 734 440 sunt‚quibutne
751 372 920 440 haec'quidem
987 372 988 379 ’

168 451 302 499 certamina
320 465 446 517 exponere
463 450 521 500 satie
538 451 622 500 suerit.
638 450 784 514 adjecerunt
800 451 828 499 ἃ
839 452 921 518 Appii

156 579 158 586 ,
168 529 353 578 criminationes
364 527 395 577 de
406 529 488 578 Fabio
496 527 596 578 absente
611 529 642 578 ad
653 529 783 596 populum,
801 529 828 599 ὃς
840 530 922 595 perti-
987 560 988 563 =

167 607 264 656 naciam
281 605 397 656 adversus
415 606 558 672 prasentem
574 605 698 658 consulem
716 607 839 672 pratos-ie,
857 621 922 656 eon·

165 685 351 748 tentionemque
362 683 435 732 aliani
448 684 513 732 inter
523 685 637 748 collegas,
653 682 770 732 tendente
781 683 873 746 Decio,
891 695 923 732 ut

169 758 218 808 suae
230 759 333 825 quisque
345 762 483 826 provinciae
495 761 586 811 sortem
597 772 716 810 tueretur.
751 760 872 811 constare
883 771 923 810 ret

169 837 258 904 incipit
269 851 302 886 ex
310 851 344 886 eo
355 847 476 904 tempore,
493 851 545 904 quo
556 839 660 906 profesti
675 838 752 887 ambo
762 837 878 887 consules
888 837 923 888 ad

169 915 261 965 bellum
273 913 338 966 sunt.
373 919 500 980 Ceterum,
517 929 651 981 antequam
662 917 773 966 eonsules
784 917 810 966 in
822 918 925 966 Etruri-

167 1009 210 1041 am
223 983 388 1059 pervenirent,
406 998 514 1043 Senones
525 996 593 1043 Galli
609 994 769 1043 multitudiue
779 995 878 1057 ingenti
888 993 923 1045 ad

167 1072 279 1122 clusium
296 1085 428 1140 venerunt,
445 1074 570 1140 legionem
582 1077 720 1122 Romanam
734 1072 861 1136 castraque
872 1087 922 1139 op-

170 1149 312 1214 pugnaturi.
340 1151 430 1218 Scipio‚
448 1153 492 1216 qui
503 1149 583 1200 castris
595 1158 707 1216 praerat,
723 1148 782 1198 loco
793 1148 922 1210 adjuvan·

168 1227 227 1275 dam
238 1228 388 1294 paucitatem
400 1229 503 1278 suorum
512 1227 620 1277 milstmn
634 1237 711 1290 ratus,
727 1227 754 1275 in
764 1226 865 1288 collem,
874 1227 920 1292 qui

170 1303 236 1352 inter
246 1307 331 1354 urbem
344 1307 369 1357 δε
389 1307 463 1356 castra
483 1316 544 1368 erat,
561 1306 640 1354 aciem
652 1307 741 1353 erexit.
776 1304 831 1367 Sed,
847 1306 921 1356 utin

169 1397 196 1432 re
209 1382 296 1448 subita,
314 1399 401 1453 parum
411 1386 544 1452 explorato
558 1386 646 1434 itinere
660 1383 692 1432 ad
700 1384 789 1446 jugum
798 1383 921 1449 perrexit,

126 1501 129 1510 .
170 1463 238 1526 quod
251 1463 328 1514 hoslee
347 1476 469 1532 ceperant,
488 1473 558 1532 parte
573 1464 621 1512 alia
637 1461 731 1526 egressi.
756 1463 792 1510 ita
806 1461 868 1511 casa
886 1463 922 1511 ab

168 1549 242 1604 tergo
253 1541 327 1605 legio,
345 1551 418 1607 atque
430 1542 456 1591 i‘n
468 1540 560 1604 medio,
579 1553 657 1606 quum
671 1538 745 1589 bostis
758 1537 921 1604 undiqueur-

170 1627 247 1682 geret,
266 1617 444 1670 circumventa.
479 1619 593 1669 Deletam
609 1633 711 1684 quoque
721 1616 765 1666 *ibi
775 1617 922 1681 legionem,

169 1695 205 1743 ita
223 1705 250 1744 ut
267 1698 371 1748 nuncius
388 1711 439 1749 ιιοιι
455 1696 593 1764 superesset,
609 1696 712 1762 quidam
723 1693 836 1744 aussores
847 1693 919 1756 sunt5

168 1787 216 1823 nec
233 1785 290 1823 ante
306 1775 339 1825 ad
356 1775 475 1839 consules,
493 1777 536 1842 qui
550 1777 602 1840 jam
616 1775 682 1824 haud
699 1776 786 1841 procul
802 1779 819 1823 a
834 1773 919 1825 Clusio

169 1851 282 1912 aberant,
299 1851 389 1901 samam
401 1853 453 1915 ejus
465 1852 540 1902 cladis
552 1852 679 1920 perlatam,
691 1856 764 1918 quam
775 1853 801 1900 in
813 1852 922 1918 eonspe-

166 1925 211 1976 siu
226 1926 294 1977 suere
310 1929 439 1979 Gallorum
455 1930 560 1997 equites,
577 1927 717 1998 pettonbus
732 1943 856 1994 equorum
867 1927 921 1978 sus·

169 2004 245 2072 pensa
262 2006 380 2070 gestantes
400 2008 491 2074 capita,
508 2006 534 2058 ἃ
551 2007 644 2057 lanceis
663 2005 749 2069 insita,
765 2005 923 2073 ovantesque

169 2083 246 2132 moris
258 2079 294 2131 sui
306 2084 424 2134 carmine
443 2089 512 2150 Sunt,
529 2102 571 2151 qui
563 2086 689 2137 Umbros
699 2083 777 2148 sitisse,
794 2100 846 2136 non
856 2085 920 2134 Gal-

167 2159 214 2223 los,
232 2161 345 2223 tradant3
363 2177 408 2212 nec
417 2173 515 2214 tantum
527 2165 601 2214 cladis
611 2173 758 2231 acceptum
775 2160 922 2214 &circum

169 2241 252 2290 ventis
264 2240 451 2307 pabulatorlbus
464 2259 521 2294 cum
533 2244 565 2291 L.
581 2242 680 2290 Manlio
691 2245 824 2314 Torquato
834 2242 922 2306 legato

110 2356 113 2362 .
169 2318 310 2386 Scipionem
322 2323 499 2389 propretorem
512 2317 666 2368 subsidium
655 2337 670 2368 e
680 2319 762 2381 casinis
774 2319 861 2382 tulisse,
879 2321 921 2374 viv

166 2395 296 2464 floresque
307 2401 422 2462 Umbros,
434 2400 601 2466 redintegm't'o
613 2397 709 2466 proeli'o,
720 2397 800 2448 vision
808 2398 862 2460 esse,
874 2413 918 2448 ca·

168 2477 302 2545 ptivosque
314 2479 349 2528 eis
366 2495 395 2528 ac
413 2477 520 2546 praedam
540 2468 692 2544 ademptam.
728 2478 834 2527 similius
851 2491 920 2526 veto

167 2558 211 2618 est,
229 2563 243 2607 ὲ
260 2557 334 2608 Gallo
353 2558 428 2620 holle,
447 2550 526 2624 quam¹
538 2552 650 2627 Umbro,¹
661 2571 716 2606 eam
734 2555 919 2605 cladem'acce-

168 2641 253 2699 ptam5
270 2633 344 2702 quod,
363 2651 439 2702 quum
456 2635 519 2704 saepe
536 2636 604 2700 alias,
621 2645 675 2684 tum
692 2649 723 2684 eo
734 2648 808 2698 anno,
826 2632 920 2682 Gallici

169 2709 289 2760 tumultlls
310 2711 446 2778 praecipuus
465 2723 547 2762 terror
567 2712 696 2762 civitatem
707 2714 795 2760 tenuit.
830 2711 922 2779 Itaque

167 2793 332 2856 praeterquam
344 2790 410 2856 quod
422 2791 497 2842 ambo
510 2788 621 2842 consules
632 2789 735 2858 professi
746 2789 778 2839 ad
789 2788 882 2838 bellum
893 2796 921 2836 e·

167 2877 225 2918 rant
237 2885 294 2920 curn
305 2879 413 2936 quatuor
425 2871 573 2936 legionibus,
591 2871 617 2921 ἃ
632 2885 725 2934 magno
740 2871 855 2936 equitatu
866 2871 919 2920 Ro·

165 2941 252 3013 mano,
271 2937 450 3022 Campanisque
464 2951 530 3000 mille
542 2951 664 3017 equitibus
673 2947 779 3012 deletis
790 2949 822 2998 ad
831 2947 857 2998 td
865 2947 919 2996 bel

168 3022 221 3077 lum
232 3017 313 3090 missis,
332 3027 358 3078 &
372 3027 503 3078 sociorum
508 3028 662 3108 nominisque
677 3027 761 3077 Latini
772 3022 873 3102 majori
873 3038 919 3076 ex·

118 3136 123 3144 1
164 3105 256 3171 ercitu,
274 3110 346 3198 quam
358 3095 482 3170 Romani3
499 3105 542 3159 atti
557 3092 920 3222 duuexeteitushautlprffi
