2000 3709
174 278 224 336 198
370 272 379 281 “
424 274 461 329 Τ.
496 278 521 330 1.
537 278 550 329 l
568 282 594 330 v
609 280 657 330 tt

174 358 225 423 sct;
242 358 267 411 in
285 375 373 427 agrum
384 362 501 415 Picenum
512 368 607 417 avertit
619 368 674 434 iter,
691 382 744 420 non
761 368 936 439 eopnsotum

173 441 256 491 omnis
267 442 362 506 generis
374 441 662 509 smgnnr'abundantem,
679 445 722 497 sed
732 448 853 500 resertutn
865 463 935 517 prae·

173 518 214 581 dn,
231 532 307 583 quarn
324 518 398 569 effuse
417 519 486 570 avidi
504 532 580 587 atque
595 534 694 589 egentes
711 525 852 593 rapiebant.
889 524 938 574 Ibi

172 610 219 662 per
230 594 281 645 dies
292 596 387 662 aliquot
404 596 494 649 stativa
510 600 612 649 habita:
625 600 782 668 ¹reseiiusque
792 602 872 663 miles,
889 601 935 650 hi·

173 674 258 727 bernis
275 676 402 727 itineribus
421 693 451 727 ac
468 678 569 746 palustri
579 678 622 729 vib
636 679 782 747 proeboque,
799 682 880 747 magis
898 678 940 729 aci

174 764 295 804 eventum
307 755 423 819 secundo,
439 762 514 824 quarn
525 758 578 807 levi
592 768 635 808 aut
645 757 721 822 sacili,
738 758 849 809 atreum.
877 757 937 807 Ubi

172 830 238 883 fatie
252 832 331 898 quieti
349 834 443 898 datum,
467 836 548 903 praeli
566 833 596 886 a'c
616 836 820 905 populationibus
838 836 934 905 magis,

174 916 251 977 quam
262 912 317 963 otio
326 922 370 964 aut
380 914 473 979 requie,
484 912 656 979 gaudentibus,
665 914 798 982 prosesius,
813 914 935 964 Praetuti-

171 992 250 1039 anum
262 990 463 1057 Hadrianumque
473 997 570 1056 agrum,
579 989 676 1043 Marsos
685 990 744 1042 inde
756 988 935 1042 Marrucinos

174 1080 225 1133 que
238 1066 264 1117 dr
275 1068 389 1133 Pelignus
400 1068 518 1132 devastat,
536 1069 650 1136 circaque
661 1073 744 1137 Arpos
755 1069 781 1118 ἃ
791 1069 933 1120 Luceriam

172 1145 317 1217 proximam
338 1147 434 1214 Apulia
452 1148 588 1216 regionem.
625 1150 672 1209 co.
692 1148 809 1198 Servilius
828 1145 934 1212 consui,

171 1222 272 1275 levibus
283 1222 373 1289 proeliis
389 1238 445 1273 cum
459 1224 537 1273 Gallis
553 1222 620 1284 asiis,
638 1223 663 1273 dt
677 1239 730 1273 uno
744 1223 839 1291 oppido
852 1222 932 1288 igno-

171 1302 221 1355 bili
232 1314 385 1368 cxpugnato,
402 1302 532 1370 postquam
543 1302 573 1362 de
584 1303 685 1367 collega
695 1300 869 1370 exercitusque
880 1319 933 1354 σε·

173 1381 207 1433 de
217 1381 323 1447 audivit,
338 1384 390 1447 jam
407 1382 530 1433 moenibus
550 1384 635 1451 patriae
651 1394 770 1448 metuens,
787 1398 818 1433 ne
834 1382 934 1435 abesset

171 1462 203 1513 in
213 1459 352 1511 discrimine
363 1470 486 1525 extremo,
502 1460 534 1510 ad
545 1462 632 1510 urbem
644 1461 693 1511 iter
702 1459 817 1511 intendit.
835 1466 871 1527 Q.
882 1462 935 1512 Fa-

172 1538 230 1593 bius
248 1542 374 1589 Maximus
391 1538 496 1589 disintor
511 1540 616 1604 itemm,
629 1553 680 1605 quo
699 1536 740 1589 dic
756 1538 933 1603 magistratuum

173 1620 241 1681 iniit,
259 1628 352 1668 vocato
369 1616 461 1677 senatu,
480 1618 513 1667 ab
531 1618 586 1667 Diis
602 1616 680 1679 orsus,
697 1630 774 1683 quum
791 1614 930 1668 edocuisset

172 1694 269 1756 Patres,
286 1694 341 1759 plus
360 1694 510 1757 negligenti&
528 1694 724 1742 ceremoniarum
743 1693 929 1761 auspiciorum-

173 1784 234 1841 que,
251 1775 325 1836 quam
341 1772 479 1820 temeritate
495 1780 569 1835 atque
585 1770 691 1831 inscitia,
709 1779 839 1837 peccatum
857 1773 872 1820 a
893 1770 929 1822 C.

172 1848 300 1907 Flaminio
318 1847 417 1898 consule
433 1846 488 1909 esse,
506 1862 608 1915 quaeque
625 1848 723 1915 piacula
739 1848 781 1897 ira
793 1848 876 1898 neom
888 1848 928 1899 es·

91 1922 100 1935 ’
173 1928 240 1992 sent,
257 1925 323 1994 ipsos
334 1930 402 1977 Deos
418 1926 581 1977 consulendos
592 1924 652 1988 csse;
669 1926 784 1994 pervicit,
798 1938 838 1997 ut,
856 1926 932 1995 quod

69 2024 72 2029 ·
174 2024 229 2062 non
241 2006 318 2057 ferme
329 2006 476 2065 decernitur,
493 2003 537 2053 nifi
549 2020 625 2070 quum
638 2016 701 2055 tetra
712 2004 825 2073 prodigia
836 2008 929 2057 nunci-

172 2096 218 2140 eta
229 2084 293 2148 sunt,
310 2084 445 2135 decemviri
455 2083 532 2134 libros
543 2084 677 2150 Sibyllinos
687 2084 755 2134 adire
770 2082 930 2148 juberentur.

174 2164 229 2233 qui,
246 2160 358 2230 inspesiis
369 2160 483 2232 fatalibus
493 2162 571 2227 libris,
587 2153 723 2212 retulerunt
735 2162 857 2227 Patribus,
872 2164 931 2232 prud

174 2245 223 2313 ejus
234 2241 282 2293 lelli
298 2243 455 2293 censivarum
472 2241 553 2289 Marti
564 2242 632 2305 ferro,
649 2242 723 2292 idm
733 2242 776 2290 rite
786 2242 883 2307 salim,
901 2242 932 2292 ds
962 2248 967 2259 '

175 2324 261 2391 §urgeo
271 2328 335 2387 atque
345 2318 437 2386 ampsru
443 2318 571 2383 faciendum
582 2318 637 2385 effe:
654 2319 682 2371 sr
692 2321 751 2386 Jovi
759 2320 819 2395 ludos
829 2337 932 2389 magnos,

175 2402 206 2457 (e
217 2399 268 2449 edes
284 2396 362 2447 Veneri
379 2396 476 2461 Erycina
491 2412 517 2444 ac
527 2396 608 2445 Menti
618 2397 731 2446 vovmdat
741 2395 788 2463 effi,
806 2398 928 2466 efiapprs-

175 2480 281 2532 sniioncm
297 2474 487 2541 leiiijlerniumque
502 2472 626 2539 halendum,
644 2476 672 2526 &¹
685 2490 729 2524 ver
740 2477 828 2542 Jicrum
839 2492 927 2528 voven-

174 2560 269 2621 ειμι
248 2554 270 2621 ss
279 2554 381 2604 bellatum
387 2553 492 2621 prospere
502 2552 559 2621 effer,
575 2554 647 2621 resque
654 2552 740 2621 pulice
750 2554 774 2603 in
790 2554 870 2619 eodm,
888 2572 930 2622 quo

177 2645 229 2691 ante
238 2632 314 2683 bellum
320 2629 405 2697 sciffet,
415 2630 476 2696 statu
490 2630 645 2707 permarfifflt.
680 2634 788 2693 Senatus,
807 2635 928 2697 quoniam

175 2712 284 2771 Fabium
294 2711 353 2763 belli
365 2726 423 2761 cura
435 2719 586 2777 occupatura
595 2706 661 2771 esl'et,
672 2712 711 2759 M
725 2710 855 2761 AEmiliunr
866 2728 929 2781 prae·

177 2804 268 2856 torem,
285 2804 319 2839 cx
335 2788 434 2855 collegii
454 2787 603 2873 pontificum
614 2786 742 2855 sententia,
759 2790 846 2840 omnia
857 2806 886 2842 ea
899 2802 929 2842 ut

177 2871 275 2924 mature
286 2864 354 2931 fiant,
373 2880 457 2915 curare
465 2864 574 2929 jubet

150 2982 156 2999 t
213 2952 248 2997 X.
266 2943 311 2995 His
322 2941 537 2994 senatusconsultis
548 2940 668 3010 persenis,
680 2945 712 2993 L.
727 2937 929 2997 CorneliusLen·

177 3018 246 3071 titlus
265 3018 381 3088 pontisex
397 3020 533 3083 maximus,
551 3019 693 3070 consulente
713 3021 820 3086 collegio
839 3035 929 3089 praeto·

174 3110 243 3163 sum,
260 3095 372 3148 omnium
383 3097 493 3165 primurn
504 3098 626 3167 populum
636 3099 817 3153 consulendum
827 3100 859 3150 dc
870 3116 930 3154 vere
964 3127 965 3142 r

856 3179 929 3235 sacro
