2000 3709
326 262 382 319 Li
400 266 496 318 BER
530 266 617 319 XXV.
792 282 841 328 4¹³

91 351 201 403 ‚indolem
217 354 349 407 accesserat
368 362 415 409 Cn.
434 358 555 425 scipionis
573 354 717 424 disciplina:
735 355 781 407 sub
792 371 842 423 qua

89 459 92 487 2
104 445 142 495 per
151 443 188 481 tot
198 448 277 485 annos
290 452 377 488 omnes
389 438 482 487 militiae
494 449 558 487 artes
570 436 669 487 edotlue
681 434 770 487 suerat.
784 437 842 498 Hic,

87 550 89 557 ,
103 507 169 559 &ex
179 510 238 575 suga
255 515 366 565 colleslis
377 516 506 577 militibus,
523 514 548 564 dt
561 512 708 580 quibusdam
719 512 750 562 de
762 511 843 581 praefi.

100 582 143 635 diis
153 586 269 656 dedutlis,
287 594 356 643 haud
373 592 580 645 contemnendum
592 592 730 641 exercitum
742 590 844 649 fecerat,

96 661 257 733 junxeratque
269 686 328 721 cum
343 676 378 722 T.
390 670 496 734 Fontejo
510 672 536 719 P.
550 669 671 735 Scipionis
685 667 776 731 legato.
797 666 843 716 Sed

97 750 188 793 tautum
200 749 314 813 prestitit
331 766 406 818 eques
419 753 548 801 Romanus
562 747 709 797 austeritate
720 746 842 801 intermi-

97 818 148 870 lites
158 834 232 890 atque
243 827 353 891 honore,
369 840 406 893 ut,
423 828 507 879 eastris
516 826 579 876 citra
591 826 692 874 Iberum
703 824 841 875 communi·

96 897 132 961 ¹1⁸2
147 912 223 965 quum
235 903 328 957 ducem
340 908 495 957 exercituum
507 904 615 955 comitiis
625 904 772 953 militaribus
789 917 840 951 cre-

94 976 127 1023 ari
138 978 274 1046 placuisset,
283 983 416 1035 subeuntes
427 984 469 1033 alii
480 983 535 1032 aliis
545 982 570 1030 in
580 980 714 1031 custodiam
726 981 785 1030 valli
794 980 841 1029 sla·

79 1050 228 1120 tionesque,
244 1057 330 1110 donec
349 1075 393 1127 per
412 1074 499 1127 omnes
517 1055 660 1120 suffragium
679 1057 734 1121 iret,
757 1055 788 1105 ad
805 1059 838 1107 L.

94 1128 215 1183 Marcium
232 1137 319 1187 cunsii
336 1136 458 1187 summam
472 1135 571 1202 imperii
582 1134 723 1185 detulerint.
759 1138 857 1205 Omne·

93 1202 146 1255 inde
158 1219 261 1275 tempus
278 1214 410 1279 (exiguum
422 1212 448 1263 id
459 1213 517 1275 suit)
533 1210 672 1261 muniendis
684 1210 764 1259 castris
780 1227 840 1260 con-

93 1280 259 1351 vehendisque
270 1289 455 1339 commeatibus
465 1286 655 1353 consumptum:
667 1284 692 1333 ἃ
703 1283 787 1333 omnia
795 1286 842 1333 im·

92 1360 155 1421 petia
167 1364 270 1428 milites,
289 1382 368 1432 quum
378 1366 491 1433 impigre,
508 1376 562 1416 tum
573 1361 760 1427 haudquaquam
772 1361 840 1425 abje-

92 1432 129 1486 tto
145 1442 244 1505 anistte,
259 1444 468 1510 exsequebantur.
503 1446 620 1493 Ceterum
638 1439 765 1507 postquam
778 1436 841 1487 Has·

93 1510 218 1569 deubalem
232 1522 362 1587 Gisgonis,
374 1522 516 1573 venientem
525 1518 556 1570 ed
567 1518 680 1585 reliquias
688 1517 746 1567 belli
758 1516 840 1567 delen·

77 1622 79 1633 r
93 1588 140 1653 das,
151 1598 262 1649 transisse
274 1599 383 1662 Iberum,
396 1600 420 1647 a
432 1598 630 1666 appropinquare
641 1596 741 1645 allatum
753 1596 795 1661 eil,
809 1595 839 1644 sr-

91 1682 216 1740 unumque
228 1693 319 1743 pugnat
331 1677 484 1745 propesitum
498 1677 530 1725 ab
541 1690 614 1725 novo
623 1674 685 1725 duce
697 1675 786 1725 milites
798 1675 839 1724 vi-

78 1744 191 1813 .derunt;
213 1744 348 1818 recordati,
364 1770 425 1821 quos
443 1754 517 1821 paulo
537 1757 594 1801 anti
613 1754 774 1819 imperatores
793 1756 838 1803 ba·

77 1822 204 1895 .buissent,
223 1832 363 1901 quibusqoe
381 1832 406 1881 tr
423 1832 531 1883 ducibus
544 1830 568 1881 dc
581 1830 658 1896 copiis
669 1830 726 1880 steti
738 1832 838 1896 prodire

75 1898 121 1959 fid
131 1916 245 1968 pugnarn
257 1908 324 1959 soliti
334 1908 417 1971 essent,
431 1910 490 1957 flere
501 1921 587 1957 omnes
598 1908 697 1971 repente
714 1903 739 1955 dt
758 1898 838 1960 effen-

76 2020 79 2027 .
92 1972 142 2030 sate
152 1984 251 2049 capita:
271 1986 295 2039 n
306 1986 351 2037 alii
359 1999 446 2039 manus
457 1982 488 2034 ad
502 1983 590 2033 coelum
601 1980 709 2041 tendere,
720 1984 788 2031 Deos
800 1983 837 2033 iir-

50 2104 52 2109 .
91 2054 218 2113 tusautes:
236 2064 289 2127 elii,
308 2065 375 2117 sirati
394 2064 474 2125 humi,
493 2061 564 2127 suum
576 2059 678 2127 quisque
689 2061 839 2113 nominatim

92 2130 178 2187 ducem
199 2140 344 2207 implorare.
369 2156 449 2207 neque
469 2138 548 2189 sedari
566 2139 712 2189 lamentatio
731 2148 839 2205 poterat,

77 2256 80 2263 .
92 2212 260 2270 excitantibus
276 2216 463 2269 centurionibus
481 2215 661 2285 manipulareq.
672 2215 697 2266 dc
708 2214 762 2283 ipso
773 2217 838 2267 mul-

92 2300 161 2341 cente
178 2296 361 2362 &increpante
372 2295 480 2357 Marcio,
496 2294 548 2360 quid
558 2294 581 2344 ie
592 2292 703 2344 muliebres
714 2294 741 2355 dr
752 2294 839 2347 inutiles

78 2366 111 2431 .st
117 2370 254 2441 nrjeciffinr
265 2374 330 2437 fletus
337 2375 420 2441 potiris,
436 2374 503 2441 qna'm
512 2370 541 2422 ad
555 2371 652 2423 mandes
656 2374 728 2438 fimet
742 2374 797 2441 ipsos
808 2375 838 2428 d·

91 2448 245 2515 rempublicam
249 2451 322 2518 secent
332 2460 430 2503 eruerent
439 2450 529 2513 nimos,
546 2449 578 2501 ds
588 2466 615 2500 rc
630 2442 708 2500 inustos
718 2451 837 2519 imperate·

77 2526 180 2592 ,cessure
185 2528 261 2594 jacere
266 2527 382 2595 firment?
411 2531 496 2593 Quum
509 2526 590 2577 subite
603 2526 695 2578 clamor
707 2528 837 2582 tubarum·

93 2614 138 2667 que
154 2604 229 2655 sonus
248 2606 308 2671 (jam
324 2607 390 2657 enim
408 2620 486 2675 prope
498 2605 592 2655 vallum
603 2606 683 2657 besses
694 2612 778 2675 erant),
790 2623 836 2660 ex·
887 2598 893 2605 ’

76 2728 79 2734 .
92 2680 200 2741 auditur.
217 2683 283 2749 inde,
299 2684 372 2735 verso
388 2686 525 2752 repentein
536 2686 598 2735 bam
610 2686 684 2751 lustu,
701 2687 838 2738 discurrere

92 2756 122 2807 ad
132 2774 215 2811 amna:
234 2775 271 2826 nc,
288 2761 358 2812 velut
374 2759 469 2815 accense
483 2761 561 2826 rabie,
578 2761 717 2813 discurrunt
734 2762 764 2813 ad
775 2777 835 2828 por·

92 2840 138 2899 tas,
154 2835 180 2886 dt
192 2836 218 2886 in
229 2836 330 2903 besson,
347 2838 500 2903 negligenter
511 2849 585 2903 atque
596 2837 755 2905 incompostc
763 2837 836 2885 veni-

92 2925 181 2976 entem,
198 2916 335 2967 incurrunt,
370 2915 504 2982 Extemplo
518 2914 653 2983 improvisa
664 2930 701 2979 res
713 2928 835 2981 pavorem

93 2987 180 3045 incutit
192 2994 284 3043 Poenis:
302 2994 492 3061 mirabundique
503 2993 568 3043 unde
577 3005 616 3043 tot
629 2992 707 3041 hostes
716 3000 767 3039 tam
776 2983 834 3040 sub-

76 3066 128 3123 itu
144 3070 230 3123 exorti
244 3074 321 3142 prope
337 3072 418 3125 deleto
436 3071 549 3147 exercitu
567 3070 660 3135 serent,
683 3067 747 3121 unde
765 3079 837 3119 tanta

433 3152 448 3200 S
466 3162 480 3208 1
734 3156 739 3163 ·
783 3160 832 3196 au·
