2000 3709
301 252 468 307 Ltunn
501 255 604 307 xxvi.
787 265 840 318 45³

80 342 198 401 semifer
211 347 252 401 nd
266 346 421 415 Phragandaa
433 350 510 413 igitur
518 348 613 418 rallare
623 347 740 412 arran&
752 347 842 399 urbem

81 429 289 495 Jamphorinam,
308 440 383 495 capnt
400 438 532 495 arcemque
551 427 671 488 Medica,
696 440 842 496 oppugnare

81 508 171 575 coepit.
207 510 307 575 Scopas,
325 507 370 557 ubi
389 506 530 575 prosciium
547 506 574 555 in
591 507 729 557 Thraciam
748 519 842 572 regem,

80 592 288 649 occupatumque
304 583 340 633 'rbi
358 582 425 633 bello
439 580 547 643 audivit,
563 582 659 631 anneta
670 581 841 647 omnijurcn—

80 671 139 711 tute
152 661 305 726 AEtolorum,
322 662 415 713 bellum
422 661 518 712 inferre
530 662 677 711 Acarnania
687 671 766 729 parat.
788 662 842 713 nd·

79 737 173 789 versus
185 740 254 806 quod
265 744 423 791 Acarnanum
435 754 494 804 gens
504 739 529 789 ἃ
541 738 638 789 viribus
648 740 736 807 impar,
753 739 778 790 St
788 740 842 804 jam
869 766 874 779 ·

82 818 211 867 Oeniadae
230 819 373 885 Nasumque
390 816 474 869 amissa
492 815 603 880 cernens,
621 820 786 885 Romanaque
803 820 841 869 in·

81 894 161 963 super
177 910 247 947 arma
265 898 387 962 ingruere,
405 898 441 947 iri
459 896 540 961 magis
551 896 655 961 instruit,
672 888 749 963 quam
760 895 841 949 confi-

81 972 130 1037 lio,
150 974 253 1024 bellum.
290 974 445 1039 conjugibus
462 974 637 1040 liberisque&
652 974 789 1027 lenioribus
800 976 840 1027 su·

81 1064 131 1121 pra
143 1051 274 1117 sexaginta
284 1069 362 1104 annos
377 1054 403 1103 in
414 1054 582 1121 propinquam
594 1044 697 1120 Epimm
708 1055 790 1119 millis,
807 1055 841 1107 ab

81 1130 228 1195 quindecim
240 1132 272 1181 arl
283 1131 500 1196 sexagintaannos
513 1130 653 1195 conjurant,
666 1132 710 1182 nili
723 1133 839 1196 viliores,

82 1207 110 1258 se
121 1224 176 1259 non
187 1208 319 1260 redituros.
356 1210 407 1273 Qui
419 1209 499 1259 villus
515 1209 570 1258 acie
581 1207 722 1274 excellillet,
739 1225 796 1261 etun
808 1216 841 1260 ne

81 1286 141 1349 quis
160 1285 231 1348 urbe,
250 1285 324 1349 teilo,
345 1284 438 1349 mensa,
455 1284 512 1335 lare
522 1286 651 1353 reciperet,
667 1285 747 1337 diram
768 1285 841 1337 exse·

81 1356 225 1413 arationem
231 1363 262 1413 ’ἰη
275 1363 416 1431 populares,
432 1362 623 1414 obtestationem
638 1368 712 1429 quam
726 1362 840 1415 saullilli-
940 1426 942 1429 .

82 1456 152 1491 mam
162 1453 299 1509 potuerunt
308 1442 424 1493 aduersus
434 1442 552 1511 hospites,
561 1440 763 1511 composuerunt.
782 1433 853 1510 pre-¹

83 1519 185 1591 catiquc
194 1518 263 1569 simul
275 1518 389 1587 Epirotas
398 1518 463 1583 sunt,
480 1531 517 1581 ut,
527 1518 570 1587 qui
583 1520 684 1571 suorum
696 1522 722 1570 in
733 1520 787 1570 acic
798 1535 839 1570 ce·

83 1594 208 1661 cidiilent,
225 1612 333 1650 canuno
350 1598 447 1649 tumulo
459 1609 628 1664 contegerent,
645 1598 840 1667 adhiberentqne

83 1676 196 1727 humatis
217 1677 332 1727 titulum:
358 1680 410 1727 Hrc
430 1690 481 1727 srrr
501 1691 569 1727 nnnr
588 1670 757 1743 Aerarium,
780 1692 837 1745 our,

85 1760 217 1803 nnvutrnt
235 1766 287 1804 rtnr
305 1768 391 1818 trouu
409 1766 538 1818 rnJurunu
551 1756 709 1805 AEronoann
722 1770 772 1806 nno
790 1771 836 1806 rn-

84 1844 151 1879 mn
163 1844 445 1896 inanimatorum
456 1844 659 1881 occutuaanur.
676 1834 724 1881 Per
734 1834 786 1883 hac
797 1834 837 1883 in·

85 1908 168 1959 citatis
187 1910 379 1972 animiqcastm
398 1910 424 1959 in
442 1910 563 1959 extremis
578 1908 670 1959 finibus
690 1907 739 1958 suis
759 1910 838 1960 obvia

84 1986 150 2037 nosti
162 1986 308 2055 posuerunt.
324 1988 421 2044 nunciis
437 1986 469 2038 ad
486 1987 629 2056 Philippum
643 1986 726 2051 millis,
743 1997 838 2054 quanto

85 2080 124 2115 rer
141 2066 168 2124 in
185 2062 326 2116 discrimine
343 2063 410 2128 eiset,
427 2064 544 2117 omittere
560 2065 711 2133 Philippum,
729 2064 754 2115 id
769 2064 838 2133 quod

84 2146 110 2195 in
126 2143 243 2195 manibus
261 2154 321 2208 crat,
338 2146 473 2209 eo'e'gerunt
490 2144 593 2209 bellum,
611 2145 775 2211 Jamphorinri
792 2159 839 2212 pet

84 2222 241 2275 deditionem
256 2224 364 2291 recepta,
381 2222 539 2291 &prospero
556 2225 607 2275 alio
618 2224 725 2274 succelsu
741 2235 836 2276 rerum.

83 2302 227 2352 AEtnlorum
238 2300 359 2368 impetum
369 2300 511 2351 tardaverat
520 2303 601 2367 primo
612 2293 790 2366 conjurationis
798 2303 837 2356 sa·

84 2396 126 2431 ma
138 2381 314 2431 Acarnanicae:
332 2378 420 2430 deinde
430 2378 530 2429 auditur
542 2380 649 2448 Philippi
660 2380 790 2448 adventus,
800 2399 837 2435 re·

85 2458 156 2525 gredi
168 2458 244 2508 etiam
261 2459 287 2508 in
306 2460 408 2519 intimos
422 2459 506 2533 coigit
522 2456 591 2509 linea.
627 2462 682 2510 Nee
697 2463 834 2530 Philippus,

85 2550 237 2603 quanquam,
260 2551 292 2587 ne
308 2537 511 2605 opprimerentur
532 2540 681 2600 Acarnanes,
705 2540 836 2601 itineribus
859 2554 861 2556 ’

85 2616 180 2679 magnis
196 2614 265 2679 ierat,
282 2615 347 2665 ultra
364 2615 442 2665 Dium
460 2616 494 2668 eil
511 2616 656 2684 progressus.
674 2618 741 2683 inde,
758 2634 837 2685 quum

85 2689 186 2756 audiiset
198 2691 306 2743 reditum
317 2692 460 2744 AEtolorum
470 2706 505 2745 ex
515 2696 664 2761 Acarnania,
681 2695 706 2745 ἃ
715 2693 767 2761 iple
780 2695 835 2746 Pei·

85 2771 134 2822 lam
149 2769 232 2821 rediit.

87 2873 91 2881 ·
119 2850 221 2899 XXVI.
239 2849 365 2912 Latinus,
381 2849 448 2901 reris
463 2850 589 2921 priocipio
599 2855 614 2903 a
626 2854 739 2917 Corcyra
750 2847 835 2918 prore·

86 2926 137 2980 aus
156 2928 273 2993 navibus,
290 2928 406 2998 superato
423 2932 534 2981 Leucata
553 2930 737 2999 promontorio,
750 2932 834 2994 quum

75 3004 188 3057 rvenisset
200 3006 365 3075 Naupaiium,
382 3010 533 3076 Anticyram
550 3008 607 3059 inde
623 3007 646 3058 se
658 3008 795 3074 petiturum
807 3021 833 3056 e·

86 3082 159 3153 tuti,
176 3092 205 3136 ut
213 3084 303 3155 prato
313 3084 350 3139 ibi
362 3088 453 3156 Scopas
463 3086 589 3155 AEtoliqne
598 3080 683 3138 ailant.
717 3084 832 3150 Simna-
915 3137 919 3140 ,

719 3160 833 3228 ,ίὶεγω
940 3179 943 3188 “
