2000 3709
322 252 376 306 LI
392 254 412 305 Β
430 252 494 307 ntt
527 252 603 305 m.
642 296 649 302 .
795 266 845 321 tn

83 354 138 397 nun
153 346 217 410 acie,
236 361 294 413 quae
306 347 411 397 Gallicis
429 344 533 395 auxiliis
548 344 646 397 sirmate
656 354 720 409 erat,
735 360 794 397 cum
804 347 846 415 luy

82 424 150 485 genti
162 424 231 475 caedc
242 424 353 475 hostium
364 438 510 491 perrupere.
527 423 562 486 lle,
579 439 655 489 quurn
664 439 748 491 neque
762 425 794 474 in.
803 438 847 481 ea·

81 498 127 549 sira
138 502 237 551 reditus
255 500 315 551 esset
332 500 437 551 flumine
449 499 593 564 interclusis,
609 514 691 567 neque
701 517 752 568 prae
769 500 846 553 imbri
907 526 910 530 ¹

81 577 137 629 satis
148 580 285 631 decernere
297 578 402 645 possent,
420 580 470 643 qual
481 577 531 627 suis
543 594 617 646 opem
626 579 728 641 ferrent,
746 577 851 633 Placen-L

81 659 141 709 nam
156 660 229 713 tesso
244 662 333 711 itinere
345 666 491 725 perrexere:
525 658 608 707 Plures
620 657 708 709 deinde
720 660 747 709 in
757 670 846 717 omues

79 747 161 803 partes
179 740 328 805 eruptiones
347 734 436 785 fattae:
460 735 496 797 dt,
511 735 555 801 qui
571 736 664 785 flumen
681 736 784 803 petiere,
799 743 848 785 aut

80 817 227 881 gurgitibus
242 815 371 882 absumpti
389 813 454 875 sunt,
469 826 515 863 aut
529 815 593 864 inter
610 812 794 865 enudationem
805 814 845 875 in·
943 839 947 848 =

77 893 212 957 grediendi
231 895 266 945 ab
284 894 395 944 hostibus
412 891 528 959 oppressi.
546 884 589 959 qui
600 886 691 960 passim
709 908 754 960 per
770 906 847 957 agros

77 971 138 1035 luga
150 972 229 1040 sparsi
241 983 322 1035 erant,
339 971 445 1035 vestigia
459 968 568 1019 cedentis
585 969 712 1035 sequentes
728 970 846 1035 agnrinia,

81 1052 240 1101 Placentiam
253 1048 420 1101 contendere:
438 1048 493 1097 aliis
506 1048 583 1097 timor
593 1048 700 1099 hostiurn
712 1048 846 1099 audaciam

80 1128 241 1192 ingrediendi
260 1131 353 1177 flumen
372 1126 441 1186 lecit,
459 1124 644 1189 transgressique
655 1126 682 1175 in
700 1126 776 1197 casira
787 1140 846 1193 per·

80 1218 222 1257 venerunt.
257 1208 344 1257 Imber
356 1205 418 1257 nive
428 1206 530 1268 mixtus,
548 1204 573 1254 ἃ
584 1204 738 1255 intoleranda
749 1207 788 1256 vis
799 1204 848 1255 sri-

81 1287 160 1351 gotis,
178 1288 206 1336 ἃ
225 1287 343 1337 homines
359 1284 461 1348 multos,
478 1284 504 1332 8:
518 1284 640 1347 jumenta,
657 1285 682 1333 ἃ
699 1285 847 1350 elephantos

82 1369 162 1433 prope
174 1380 273 1428 omncs,
291 1356 435 1430 absumpsit.
470 1364 538 1415 Finit
549 1362 692 1429 insequendi
705 1363 779 1413 hoslis
791 1364 846 1411 Pte·

81 1447 121 1493 nis
136 1448 233 1495 flumen
246 1446 344 1495 Trebia
353 1442 417 1493 suit:
435 1442 460 1492 u
471 1443 509 1499 ita
519 1454 645 1510 torpentes
657 1443 714 1507 gelu
727 1442 753 1489 ln
770 1441 847 1491 casira

82 1522 189 1585 rediere,
201 1534 231 1571 ut
242 1523 415 1573 vixlaetitiam
427 1518 539 1571 viliori:
551 1520 678 1582 sentirent.
698 1521 786 1581 Itaque
797 1533 846 1567 no·

83 1602 120 1651 tte
140 1600 294 1667 insequenti,
312 1618 392 1667 quum
410 1600 549 1666 presidium
569 1600 713 1662 castrorum,
731 1598 757 1647 St
777 1595 847 1663 quod

82 1680 214 1745 reliquum
226 1694 260 1729 ex
273 1694 364 1743 magna
373 1690 443 1745 parte
452 1680 561 1743 militum
573 1687 634 1739 erat,
651 1677 748 1727 ratibus
758 1675 849 1727 Trebi·

83 1772 127 1806 am
139 1758 293 1819 trajicerent,
310 1767 355 1805 aut
371 1757 433 1805 nihil
454 1754 556 1815 sensere,
573 1755 729 1822 obstrepente
741 1754 827 1822 pluvis
836 1772 846 1814 ς

84 1844 140 1898 aut,
157 1835 219 1899 quia
236 1834 290 1896 jam
310 1835 412 1883 moveri
432 1850 481 1899 pra
499 1832 637 1883 lassitudine
658 1834 796 1898 nequibant
814 1846 846 1882 ac

86 1912 245 1973 vulneribus,
263 1912 352 1961 sen-tire
364 1911 603 1961 sesedislimulalrunt
614 1928 627 1959 r
639 1909 779 1975 quietisque
791 1910 846 1957 Poe--

85 1992 135 2053 nis,
143 1990 222 2039 tacito
230 1991 330 2053 agmine
338 1990 370 2037 ab
379 1990 494 2055 Scipione
505 1986 605 2037 consule
612 1988 739 2037 exercitus
744 1986 848 2035 Placen·

87 2068 151 2121 tiam
160 2066 193 2115 esl
205 2064 351 2131 perdutlusr
364 2065 422 2113 inde
436 2064 502 2113 Pado
511 2056 797 2127 trajectus-cremonam,
814 2074 847 2110 ne

87 2142 199 2211 duontm
211 2143 370 2191 exercituum
383 2140 492 2189 hibernis
511 2155 561 2188 una
570 2139 670 2189 colonia
682 2149 846 2205 premeretur.

123 2222 217 2270 LVll..
227 2222 336 2269 Romam
354 2230 437 2267 tantus
455 2228 534 2267 terror
546 2231 579 2266 ex
593 2218 642 2266 hac
658 2216 726 2289 clade
738 2217 847 2284 perlatus
882 2277 887 2283 ,

87 2299 133 2357 est,
148 2308 177 2346 ut
192 2297 253 2361 jain
262 2296 294 2347 ad
309 2290 400 2345 'urbem
416 2292 544 2343 crederent
559 2292 651 2343 infestis
666 2292 739 2358 signis
749 2294 845 2344 hostem

87 2387 226 2426 venturum
232 2393 239 2435 ;
265 2389 313 2423 nec
330 2377 465 2443 quicquam
483 2370 540 2442 spei·
552 2382 596 2419 aut
612 2373 701 2421 auxilii
718 2372 774 2435 esse,
792 2387 851 2437 qut>

88 2454 169 2521 portis
187 2451 359 2515 moenibusque
370 2452 430 2499 vim.
439 2460 558 2498 arcerent.
592 2450 641 2498 Uno
651 2451 731 2515 conside
742 2451 770 2499 ad
781 2451 845 2499 Tici-

87 2548 139 2581 num
150 2529 218 2591 vitto,
235 2530 302 2578 altero
313 2546 339 2577 ex
352 2528 426 2577 Sicilia
438 2535 548 2587 revocato,
565 2526 640 2575 duobus
652 2526 774 2591 consulibus,
792 2527 844 2576 duo-

87 2610 125 2659 bus
136 2606 278 2674 conpluribus
289 2606 415 2676 exercitibus
426 2604 499 2667 bissis,
517 2620 566 2672 quos
577 2605 629 2654 alim
640 2606 710 2667 duces,
726 2622 776 2671 quas
791 2606 851 2656 aliar

87 2687 181 2753 legiones
193 2682 240 2750 effe,
252 2698 295 2749 que
304 2674 454 2749 arceffmtu'r?
468 2684 506 2730 lta
518 2683 608 2731 territis
619 2683 776 2747 Sempronius
785 2698 847 2732 con·

88 2764 126 2815 sul
137 2760 252 2823 advenit,
265 2750 361 2824 ingenti
373 2760 481 2825 periculo
493 2775 538 2827 per
550 2758 640 2809 effusos
652 2758 734 2826 passim
742 2759 773 2809 ad
782 2777 846 2833 prae·

90 2842 199 2893 dandum
211 2840 321 2891 hostium
332 2840 433 2903 equites.
443 2836 557 2901 (audacia
572 2838 657 2901 magis,
674 2842 748 2901 quam
766 2838 846 2887 consi-
946 2865 949 2871 ·

88 2921 123 2971 lio
133 2932 179 2971 aut
197 2918 240 2987 spe
258 2916 369 2983 fallendi,
385 2914 539 2965 tcfistendive
557 2914 636 2965 sinon
648 2912 751 2973 falleret)
768 2912 849 2981 trans·

88 2999 190 3067 gressus.
228 2994 346 3067 ldlquod
364 3010 441 3043 unum
453 2994 562 3043 maximi:
577 2989 847 3058 inpraescntiadestde‚=
916 3025 920 3033 .

85 3062 201 3143 sabain,
219 3073 330 3125 comitiis
341 3070 509 3193 coniugique
521 3067 623 3134 hanins,
634 3067 662 3117 n
675 3066 778 3141 hiberna
790 3062 848 3183 riq}

836 3161 847 3185 ὓ
