<?xml version="1.0" encoding="UTF-8"?>
<!DOCTYPE html PUBLIC "-//W3C//DTD XHTML 1.0 Transitional//EN"
    "http://www.w3.org/TR/xhtml1/DTD/xhtml1-transitional.dtd">
<html xmlns="http://www.w3.org/1999/xhtml" xml:lang="en" lang="en">
 <head>
  <title>
</title>
<meta http-equiv="Content-Type" content="text/html;charset=utf-8" />
  <meta name='ocr-system' content='tesseract 3.04.00' />
  <meta name='ocr-capabilities' content='ocr_page ocr_carea ocr_par ocr_line ocrx_word'/>
</head>
<body>
  <div class='ocr_page' id='page_1' title='image "./titiliviipatavi01ruddgoog_0241.png"; bbox 0 0 2000 3709; ppageno 0'>
   <div class='ocr_carea' id='block_1_1' title="bbox 54 230 912 3205">
    <p class='ocr_par' dir='ltr' id='par_1_1' title="bbox 54 230 912 2403">
     <span class='ocr_line' id='line_1_1' title="bbox 297 230 829 291; baseline 0.013 -9"><span class='ocrx_word' id='word_1_1' title='bbox 297 230 468 283; x_wconf 74' lang='lat' dir='ltr'><strong>LlBER</strong></span> <span class='ocrx_word' id='word_1_2' title='bbox 504 232 596 283; x_wconf 81' lang='lat' dir='ltr'><strong>XXII.</strong></span> <span class='ocrx_word' id='word_1_3' title='bbox 691 242 697 249; x_wconf 76' lang='grc'><em>·</em></span> <span class='ocrx_word' id='word_1_4' title='bbox 777 242 829 291; x_wconf 76' lang='lat'><strong>233</strong></span> 
     </span>
     <span class='ocr_line' id='line_1_2' title="bbox 96 314 828 388; baseline 0.005 -23"><span class='ocrx_word' id='word_1_5' title='bbox 96 314 222 381; x_wconf 73' lang='lat' dir='ltr'><strong>dipondium</strong></span> <span class='ocrx_word' id='word_1_6' title='bbox 237 316 358 385; x_wconf 88' lang='lat' dir='ltr'><strong>debitum,</strong></span> <span class='ocrx_word' id='word_1_7' title='bbox 378 323 584 388; x_wconf 76' lang='lat' dir='ltr'>querentiumque</span> <span class='ocrx_word' id='word_1_8' title='bbox 600 334 725 371; x_wconf 75' lang='lat' dir='ltr'><strong>annonam</strong></span> <span class='ocrx_word' id='word_1_9' title='bbox 736 319 828 387; x_wconf 83' lang='lat' dir='ltr'><strong>primo,</strong></span> 
     </span>
     <span class='ocr_line' id='line_1_3' title="bbox 96 394 829 464; baseline 0.007 -23"><span class='ocrx_word' id='word_1_10' title='bbox 96 394 200 457; x_wconf 76' lang='lat' dir='ltr'><strong>postremo</strong></span> <span class='ocrx_word' id='word_1_11' title='bbox 209 394 316 459; x_wconf 71' lang='lat' dir='ltr'><strong>famem,</strong></span> <span class='ocrx_word' id='word_1_12' title='bbox 334 399 361 448; x_wconf 78' lang='lat' dir='ltr'><strong>dt</strong></span> <span class='ocrx_word' id='word_1_13' title='bbox 373 401 539 455; x_wconf 82' lang='lat' dir='ltr'><strong>mercenarios</strong></span> <span class='ocrx_word' id='word_1_14' title='bbox 550 400 649 460; x_wconf 76' lang='lat' dir='ltr'>milites,</span> <span class='ocrx_word' id='word_1_15' title='bbox 661 399 773 464; x_wconf 59' lang='lat' dir='ltr'><strong>maxim}</strong></span> <span class='ocrx_word' id='word_1_16' title='bbox 781 398 829 446; x_wconf 82' lang='lat' dir='ltr'><strong>lli·</strong></span> 
     </span>
     <span class='ocr_line' id='line_1_4' title="bbox 95 468 830 543; baseline 0.011 -26"><span class='ocrx_word' id='word_1_17' title='bbox 95 468 153 534; x_wconf 86' lang='lat' dir='ltr'><strong>spani</strong></span> <span class='ocrx_word' id='word_1_18' title='bbox 164 475 262 538; x_wconf 84' lang='lat' dir='ltr'><strong>generis,</strong></span> <span class='ocrx_word' id='word_1_19' title='bbox 278 476 464 527; x_wconf 34' lang='lat' dir='ltr'><strong>deruanfitione</strong></span> <span class='ocrx_word' id='word_1_20' title='bbox 475 476 565 543; x_wconf 79' lang='lat' dir='ltr'>cepisse</span> <span class='ocrx_word' id='word_1_21' title='bbox 579 477 708 527; x_wconf 86' lang='lat' dir='ltr'><strong>confilium</strong></span> <span class='ocrx_word' id='word_1_22' title='bbox 716 472 830 525; x_wconf 76' lang='lat' dir='ltr'><strong>samael·</strong></span> 
     </span>
     <span class='ocr_line' id='line_1_5' title="bbox 93 546 830 620; baseline 0.008 -23"><span class='ocrx_word' id='word_1_23' title='bbox 93 546 135 599; x_wconf 86' lang='lat' dir='ltr'><strong>set:</strong></span> <span class='ocrx_word' id='word_1_24' title='bbox 153 550 201 619; x_wconf 84' lang='lat' dir='ltr'><strong>ipse</strong></span> <span class='ocrx_word' id='word_1_25' title='bbox 211 554 285 602; x_wconf 88' lang='lat' dir='ltr'><strong>etiarn</strong></span> <span class='ocrx_word' id='word_1_26' title='bbox 296 556 423 605; x_wconf 88' lang='lat' dir='ltr'><strong>interdurn</strong></span> <span class='ocrx_word' id='word_1_27' title='bbox 436 557 562 605; x_wconf 79' lang='lat' dir='ltr'><strong>Hannibal</strong></span> <span class='ocrx_word' id='word_1_28' title='bbox 572 556 672 620; x_wconf 77' lang='lat' dir='ltr'><strong>defuga¹</strong></span> <span class='ocrx_word' id='word_1_29' title='bbox 683 557 709 605; x_wconf 89' lang='lat' dir='ltr'><strong>in</strong></span> <span class='ocrx_word' id='word_1_30' title='bbox 719 554 830 603; x_wconf 83' lang='lat' dir='ltr'><strong>Galliam</strong></span> 
     </span>
     <span class='ocr_line' id='line_1_6' title="bbox 90 623 830 698; baseline 0.007 -24"><span class='ocrx_word' id='word_1_31' title='bbox 90 623 172 676; x_wconf 86' lang='lat' dir='ltr'><strong>dicitur</strong></span> <span class='ocrx_word' id='word_1_32' title='bbox 190 630 295 694; x_wconf 74' lang='lat' dir='ltr'><strong>aguille,</strong></span> <span class='ocrx_word' id='word_1_33' title='bbox 314 632 351 681; x_wconf 85' lang='lat' dir='ltr'><strong>&#39;rra</strong></span> <span class='ocrx_word' id='word_1_34' title='bbox 363 642 399 695; x_wconf 89' lang='lat' dir='ltr'><strong>ut,</strong></span> <span class='ocrx_word' id='word_1_35' title='bbox 417 630 504 681; x_wconf 68' lang='lat' dir='ltr'><strong>relido</strong></span> <span class='ocrx_word' id='word_1_36' title='bbox 515 632 625 698; x_wconf 82' lang='lat' dir='ltr'><strong>peditatu</strong></span> <span class='ocrx_word' id='word_1_37' title='bbox 640 631 720 695; x_wconf 86' lang='lat' dir='ltr'><strong>omni,</strong></span> <span class='ocrx_word' id='word_1_38' title='bbox 736 643 830 679; x_wconf 84' lang='lat' dir='ltr'><strong>cumo·</strong></span> 
     </span>
     <span class='ocr_line' id='line_1_7' title="bbox 89 702 830 776; baseline 0.008 -26"><span class='ocrx_word' id='word_1_39' title='bbox 89 702 188 767; x_wconf 80' lang='lat' dir='ltr'><strong>quiribus</strong></span> <span class='ocrx_word' id='word_1_40' title='bbox 198 706 223 755; x_wconf 87' lang='lat' dir='ltr'><strong>le</strong></span> <span class='ocrx_word' id='word_1_41' title='bbox 233 710 384 776; x_wconf 82' lang='lat' dir='ltr'>proriperet.</span> <span class='ocrx_word' id='word_1_42' title='bbox 421 712 508 773; x_wconf 76' lang='lat' dir='ltr'><strong>Quum</strong></span> <span class='ocrx_word' id='word_1_43' title='bbox 520 710 571 758; x_wconf 78' lang='lat' dir='ltr'><strong>hac</strong></span> <span class='ocrx_word' id='word_1_44' title='bbox 588 708 688 759; x_wconf 84' lang='lat' dir='ltr'><strong>confilia</strong></span> <span class='ocrx_word' id='word_1_45' title='bbox 703 719 778 773; x_wconf 88' lang='lat' dir='ltr'><strong>atque</strong></span> <span class='ocrx_word' id='word_1_46' title='bbox 786 708 830 756; x_wconf 87' lang='lat' dir='ltr'><strong>hic</strong></span> 
     </span>
     <span class='ocr_line' id='line_1_8' title="bbox 87 779 830 850; baseline 0.009 -22"><span class='ocrx_word' id='word_1_47' title='bbox 87 779 175 831; x_wconf 81' lang='lat' dir='ltr'><strong>babitus</strong></span> <span class='ocrx_word' id='word_1_48' title='bbox 183 784 326 837; x_wconf 81' lang='lat' dir='ltr'><strong>animorum</strong></span> <span class='ocrx_word' id='word_1_49' title='bbox 338 786 397 837; x_wconf 82' lang='lat' dir='ltr'><strong>esset</strong></span> <span class='ocrx_word' id='word_1_50' title='bbox 407 786 434 835; x_wconf 88' lang='lat' dir='ltr'><strong>iu</strong></span> <span class='ocrx_word' id='word_1_51' title='bbox 446 787 536 850; x_wconf 82' lang='lat' dir='ltr'><strong>castris,</strong></span> <span class='ocrx_word' id='word_1_52' title='bbox 553 801 657 837; x_wconf 85' lang='lat' dir='ltr'><strong>movere</strong></span> <span class='ocrx_word' id='word_1_53' title='bbox 668 786 726 835; x_wconf 91' lang='lat' dir='ltr'><strong>inde</strong></span> <span class='ocrx_word' id='word_1_54' title='bbox 736 786 830 849; x_wconf 75' lang='lat' dir='ltr'><strong>statuit,</strong></span> 
     </span>
     <span class='ocr_line' id='line_1_9' title="bbox 86 855 829 930; baseline 0.007 -23"><span class='ocrx_word' id='word_1_55' title='bbox 86 855 108 905; x_wconf 87' lang='lat' dir='ltr'><strong>iu</strong></span> <span class='ocrx_word' id='word_1_56' title='bbox 121 859 233 913; x_wconf 83' lang='lat' dir='ltr'><strong>calidiora</strong></span> <span class='ocrx_word' id='word_1_57' title='bbox 245 874 324 929; x_wconf 87' lang='lat' dir='ltr'><strong>atque</strong></span> <span class='ocrx_word' id='word_1_58' title='bbox 340 880 371 915; x_wconf 91' lang='lat' dir='ltr'><strong>eo</strong></span> <span class='ocrx_word' id='word_1_59' title='bbox 383 865 521 915; x_wconf 84' lang='lat' dir='ltr'><strong>maturiora</strong></span> <span class='ocrx_word' id='word_1_60' title='bbox 527 864 640 915; x_wconf 77' lang='lat' dir='ltr'><strong>mollibus</strong></span> <span class='ocrx_word' id='word_1_61' title='bbox 649 864 745 930; x_wconf 76' lang='lat' dir='ltr'><strong>Apulia</strong></span> <span class='ocrx_word' id='word_1_62' title='bbox 755 862 829 913; x_wconf 80' lang='lat' dir='ltr'><strong>ioca:</strong></span> 
     </span>
     <span class='ocr_line' id='line_1_10' title="bbox 86 933 831 1007; baseline 0.009 -24"><span class='ocrx_word' id='word_1_63' title='bbox 86 933 147 985; x_wconf 85' lang='lat' dir='ltr'><strong>iimul</strong></span> <span class='ocrx_word' id='word_1_64' title='bbox 164 949 197 999; x_wconf 92' lang='lat' dir='ltr'><strong>ut,</strong></span> <span class='ocrx_word' id='word_1_65' title='bbox 214 956 266 1005; x_wconf 91' lang='lat' dir='ltr'><strong>quo</strong></span> <span class='ocrx_word' id='word_1_66' title='bbox 283 941 387 1007; x_wconf 81' lang='lat' dir='ltr'><strong>longius</strong></span> <span class='ocrx_word' id='word_1_67' title='bbox 404 941 436 990; x_wconf 92' lang='lat' dir='ltr'><strong>ab</strong></span> <span class='ocrx_word' id='word_1_68' title='bbox 454 934 522 990; x_wconf 85' lang='lat' dir='ltr'><strong>hoste</strong></span> <span class='ocrx_word' id='word_1_69' title='bbox 541 938 675 1002; x_wconf 81' lang='lat' dir='ltr'><strong>receffisl&#39;et,</strong></span> <span class='ocrx_word' id='word_1_70' title='bbox 692 938 831 1003; x_wconf 75' lang='lat' dir='ltr'><strong>transfugia</strong></span> 
     </span>
     <span class='ocr_line' id='line_1_11' title="bbox 87 1012 831 1086; baseline 0.012 -28"><span class='ocrx_word' id='word_1_71' title='bbox 87 1012 233 1077; x_wconf 82' lang='lat' dir='ltr'><strong>impeditiora</strong></span> <span class='ocrx_word' id='word_1_72' title='bbox 248 1016 351 1068; x_wconf 83' lang='lat' dir='ltr'><strong>levibus</strong></span> <span class='ocrx_word' id='word_1_73' title='bbox 366 1018 472 1083; x_wconf 79' lang='lat' dir='ltr'><strong>ingeniis</strong></span> <span class='ocrx_word' id='word_1_74' title='bbox 489 1016 572 1066; x_wconf 82' lang='lat' dir='ltr'><strong>cilent.</strong></span> <span class='ocrx_word' id='word_1_75' title='bbox 607 1015 773 1086; x_wconf 70' lang='lat' dir='ltr'><strong>Prolediuseli</strong></span> <span class='ocrx_word' id='word_1_76' title='bbox 783 1031 831 1067; x_wconf 90' lang='lat' dir='ltr'><strong>no-</strong></span> 
     </span>
     <span class='ocr_line' id='line_1_12' title="bbox 86 1087 830 1162; baseline 0.008 -23"><span class='ocrx_word' id='word_1_77' title='bbox 86 1087 125 1151; x_wconf 74' lang='lat' dir='ltr'><strong>ue,</strong></span> <span class='ocrx_word' id='word_1_78' title='bbox 142 1092 237 1155; x_wconf 82' lang='lat' dir='ltr'><strong>ignibus</strong></span> <span class='ocrx_word' id='word_1_79' title='bbox 253 1094 367 1147; x_wconf 78' lang='lat' dir='ltr'><strong>[imiliter</strong></span> <span class='ocrx_word' id='word_1_80' title='bbox 381 1096 462 1159; x_wconf 74' lang='lat' dir='ltr'><strong>sartis,</strong></span> <span class='ocrx_word' id='word_1_81' title='bbox 479 1092 690 1161; x_wconf 81' lang='lat' dir='ltr'><strong>tabernaculisque</strong></span> <span class='ocrx_word' id='word_1_82' title='bbox 706 1094 792 1162; x_wconf 78' lang='lat' dir='ltr'><strong>paucis</strong></span> <span class='ocrx_word' id='word_1_83' title='bbox 802 1094 830 1145; x_wconf 88' lang='lat' dir='ltr'><strong>in</strong></span> 
     </span>
     <span class='ocr_line' id='line_1_13' title="bbox 87 1166 831 1241; baseline 0.008 -24"><span class='ocrx_word' id='word_1_84' title='bbox 87 1166 183 1232; x_wconf 76' lang='lat' dir='ltr'><strong>speciem</strong></span> <span class='ocrx_word' id='word_1_85' title='bbox 193 1170 294 1237; x_wconf 69' lang='lat' dir='ltr'><strong>relillis,</strong></span> <span class='ocrx_word' id='word_1_86' title='bbox 312 1186 341 1225; x_wconf 92' lang='lat' dir='ltr'><strong>ut</strong></span> <span class='ocrx_word' id='word_1_87' title='bbox 352 1168 495 1225; x_wconf 78' lang='lat' dir='ltr'><strong>insidiarum</strong></span> <span class='ocrx_word' id='word_1_88' title='bbox 510 1190 555 1241; x_wconf 88' lang='lat' dir='ltr'><strong>par</strong></span> <span class='ocrx_word' id='word_1_89' title='bbox 569 1174 648 1240; x_wconf 85' lang='lat' dir='ltr'><strong>priori</strong></span> <span class='ocrx_word' id='word_1_90' title='bbox 658 1184 737 1223; x_wconf 87' lang='lat' dir='ltr'><strong>metus</strong></span> <span class='ocrx_word' id='word_1_91' title='bbox 748 1173 831 1233; x_wconf 86' lang='lat' dir='ltr'><strong>conti·</strong></span> 
     </span>
     <span class='ocr_line' id='line_1_14' title="bbox 85 1251 831 1319; baseline 0.005 -22"><span class='ocrx_word' id='word_1_92' title='bbox 85 1258 147 1299; x_wconf 80' lang='lat' dir='ltr'><strong>neret</strong></span> <span class='ocrx_word' id='word_1_93' title='bbox 162 1251 303 1304; x_wconf 83' lang='lat' dir='ltr'><strong>Romanos.</strong></span> <span class='ocrx_word' id='word_1_94' title='bbox 340 1252 394 1317; x_wconf 86' lang='lat' dir='ltr'><strong>Sed,</strong></span> <span class='ocrx_word' id='word_1_95' title='bbox 412 1268 456 1319; x_wconf 90' lang='lat' dir='ltr'><strong>per</strong></span> <span class='ocrx_word' id='word_1_96' title='bbox 473 1252 578 1302; x_wconf 88' lang='lat' dir='ltr'><strong>eundem</strong></span> <span class='ocrx_word' id='word_1_97' title='bbox 592 1254 723 1303; x_wconf 87' lang='lat' dir='ltr'><strong>Lucanum</strong></span> <span class='ocrx_word' id='word_1_98' title='bbox 738 1252 831 1301; x_wconf 83' lang='lat' dir='ltr'><strong>statili-</strong></span> 
     </span>
     <span class='ocr_line' id='line_1_15' title="bbox 86 1326 833 1397; baseline 0.005 -24"><span class='ocrx_word' id='word_1_99' title='bbox 86 1335 131 1385; x_wconf 81' lang='lat' dir='ltr'><strong>um,</strong></span> <span class='ocrx_word' id='word_1_100' title='bbox 145 1327 263 1397; x_wconf 80' lang='lat' dir='ltr'><strong>omnibus</strong></span> <span class='ocrx_word' id='word_1_101' title='bbox 274 1330 342 1379; x_wconf 89' lang='lat' dir='ltr'><strong>ultra</strong></span> <span class='ocrx_word' id='word_1_102' title='bbox 356 1330 433 1381; x_wconf 86' lang='lat' dir='ltr'><strong>castra</strong></span> <span class='ocrx_word' id='word_1_103' title='bbox 447 1328 561 1395; x_wconf 87' lang='lat' dir='ltr'><strong>transque</strong></span> <span class='ocrx_word' id='word_1_104' title='bbox 575 1338 673 1377; x_wconf 86' lang='lat' dir='ltr'><strong>montes</strong></span> <span class='ocrx_word' id='word_1_105' title='bbox 688 1326 833 1392; x_wconf 79' lang='lat' dir='ltr'><strong>exploratis,</strong></span> 
     </span>
     <span class='ocr_line' id='line_1_16' title="bbox 87 1399 912 1475; baseline -0.005 -16"><span class='ocrx_word' id='word_1_106' title='bbox 87 1415 157 1465; x_wconf 70' lang='lat' dir='ltr'><strong>quum</strong></span> <span class='ocrx_word' id='word_1_107' title='bbox 172 1406 279 1459; x_wconf 85' lang='lat' dir='ltr'><strong>relatum</strong></span> <span class='ocrx_word' id='word_1_108' title='bbox 296 1408 365 1473; x_wconf 78' lang='lat' dir='ltr'><strong>esset,</strong></span> <span class='ocrx_word' id='word_1_109' title='bbox 392 1408 475 1458; x_wconf 80' lang='lat' dir='ltr'><strong>visum</strong></span> <span class='ocrx_word' id='word_1_110' title='bbox 490 1404 582 1475; x_wconf 77' lang='lat' dir='ltr'><strong>procul</strong></span> <span class='ocrx_word' id='word_1_111' title='bbox 600 1399 707 1456; x_wconf 76' lang='lat' dir='ltr'><strong>hortium</strong></span> <span class='ocrx_word' id='word_1_112' title='bbox 725 1419 832 1471; x_wconf 63' lang='lat' dir='ltr'><strong>agmen,</strong></span> <span class='ocrx_word' id='word_1_113' title='bbox 903 1404 912 1411; x_wconf 83' lang='lat'>&#39;</span> 
     </span>
     <span class='ocr_line' id='line_1_17' title="bbox 86 1478 835 1551; baseline 0.008 -24"><span class='ocrx_word' id='word_1_114' title='bbox 86 1486 134 1527; x_wconf 85' lang='lat' dir='ltr'><strong>tum</strong></span> <span class='ocrx_word' id='word_1_115' title='bbox 149 1478 180 1529; x_wconf 91' lang='lat' dir='ltr'><strong>de</strong></span> <span class='ocrx_word' id='word_1_116' title='bbox 193 1482 349 1551; x_wconf 86' lang='lat' dir='ltr'><strong>insequendo</strong></span> <span class='ocrx_word' id='word_1_117' title='bbox 360 1500 393 1537; x_wconf 91' lang='lat' dir='ltr'><strong>eo</strong></span> <span class='ocrx_word' id='word_1_118' title='bbox 406 1483 507 1535; x_wconf 75' lang='lat' dir='ltr'><strong>consilia</strong></span> <span class='ocrx_word' id='word_1_119' title='bbox 516 1484 606 1549; x_wconf 78' lang='lat' dir='ltr'><strong>agitari</strong></span> <span class='ocrx_word' id='word_1_120' title='bbox 620 1493 711 1549; x_wconf 73' lang='lat' dir='ltr'><strong>copta.</strong></span> <span class='ocrx_word' id='word_1_121' title='bbox 745 1484 835 1545; x_wconf 74' lang='lat' dir='ltr'><strong>Quum</strong></span> 
     </span>
     <span class='ocr_line' id='line_1_18' title="bbox 54 1554 836 1627; baseline 0.008 -20"><span class='ocrx_word' id='word_1_122' title='bbox 54 1574 57 1583; x_wconf 68' lang='lat'>¹</span> <span class='ocrx_word' id='word_1_123' title='bbox 88 1554 205 1623; x_wconf 74' lang='lat' dir='ltr'><strong>utriusque</strong></span> <span class='ocrx_word' id='word_1_124' title='bbox 220 1562 337 1619; x_wconf 62' lang='lat' dir='ltr'><strong>,consulis</strong></span> <span class='ocrx_word' id='word_1_125' title='bbox 357 1558 452 1623; x_wconf 83' lang='lat' dir='ltr'><strong>eadem,</strong></span> <span class='ocrx_word' id='word_1_126' title='bbox 471 1576 528 1625; x_wconf 76' lang='lat' dir='ltr'><strong>qua</strong></span> <span class='ocrx_word' id='word_1_127' title='bbox 546 1560 643 1627; x_wconf 83' lang='lat' dir='ltr'><strong>semper</strong></span> <span class='ocrx_word' id='word_1_128' title='bbox 661 1562 726 1622; x_wconf 77' lang='lat' dir='ltr'><strong>autc,</strong></span> <span class='ocrx_word' id='word_1_129' title='bbox 751 1558 836 1614; x_wconf 71' lang='lat' dir='ltr'><strong>sullies</strong></span> 
     </span>
     <span class='ocr_line' id='line_1_19' title="bbox 88 1629 836 1705; baseline 0.009 -24"><span class='ocrx_word' id='word_1_130' title='bbox 88 1629 214 1700; x_wconf 67' lang='lat' dir='ltr'><strong>sententia,</strong></span> <span class='ocrx_word' id='word_1_131' title='bbox 230 1644 347 1689; x_wconf 82' lang='lat' dir='ltr'><strong>ceterum</strong></span> <span class='ocrx_word' id='word_1_132' title='bbox 359 1638 467 1704; x_wconf 82' lang='lat' dir='ltr'><strong>Varroni</strong></span> <span class='ocrx_word' id='word_1_133' title='bbox 476 1636 633 1702; x_wconf 65' lang='lat' dir='ltr'><strong>fercomnes,</strong></span> <span class='ocrx_word' id='word_1_134' title='bbox 649 1632 736 1688; x_wconf 80' lang='lat' dir='ltr'><strong>Paullo</strong></span> <span class='ocrx_word' id='word_1_135' title='bbox 747 1652 836 1705; x_wconf 83' lang='lat' dir='ltr'><strong>nemo,</strong></span> 
     </span>
     <span class='ocr_line' id='line_1_20' title="bbox 89 1715 835 1785; baseline 0.009 -25"><span class='ocrx_word' id='word_1_136' title='bbox 89 1722 168 1775; x_wconf 64' lang='lat' dir='ltr'><strong>prater</strong></span> <span class='ocrx_word' id='word_1_137' title='bbox 182 1718 319 1769; x_wconf 82' lang='lat' dir='ltr'><strong>Servilium</strong></span> <span class='ocrx_word' id='word_1_138' title='bbox 330 1716 419 1785; x_wconf 86' lang='lat' dir='ltr'><strong>prioris</strong></span> <span class='ocrx_word' id='word_1_139' title='bbox 433 1717 493 1767; x_wconf 83' lang='lat' dir='ltr'><strong>anui</strong></span> <span class='ocrx_word' id='word_1_140' title='bbox 511 1715 647 1781; x_wconf 85' lang='lat' dir='ltr'><strong>consulem,</strong></span> <span class='ocrx_word' id='word_1_141' title='bbox 662 1715 835 1782; x_wconf 62' lang='lat' dir='ltr'><strong>alkntiretun</strong></span> 
     </span>
     <span class='ocr_line' id='line_1_21' title="bbox 90 1784 835 1859; baseline 0.004 -18"><span class='ocrx_word' id='word_1_142' title='bbox 90 1784 181 1849; x_wconf 66' lang='lat' dir='ltr'><strong>majoris</strong></span> <span class='ocrx_word' id='word_1_143' title='bbox 194 1796 273 1859; x_wconf 82' lang='lat' dir='ltr'><strong>partis</strong></span> <span class='ocrx_word' id='word_1_144' title='bbox 286 1792 408 1843; x_wconf 84' lang='lat' dir='ltr'><strong>sententia</strong></span> <span class='ocrx_word' id='word_1_145' title='bbox 419 1792 450 1843; x_wconf 86' lang='lat' dir='ltr'><strong>ad</strong></span> <span class='ocrx_word' id='word_1_146' title='bbox 465 1791 634 1843; x_wconf 85' lang='lat' dir='ltr'><strong>nobilitandas</strong></span> <span class='ocrx_word' id='word_1_147' title='bbox 642 1792 835 1844; x_wconf 74' lang='lat' dir='ltr'><strong>eudenomam</strong></span> 
     </span>
     <span class='ocr_line' id='line_1_22' title="bbox 89 1860 834 1937; baseline 0.004 -23"><span class='ocrx_word' id='word_1_148' title='bbox 89 1863 186 1931; x_wconf 83' lang='lat' dir='ltr'><strong>Cannas,</strong></span> <span class='ocrx_word' id='word_1_149' title='bbox 202 1860 329 1935; x_wconf 80' lang='lat' dir='ltr'><strong>urguente</strong></span> <span class='ocrx_word' id='word_1_150' title='bbox 338 1868 400 1935; x_wconf 84' lang='lat' dir='ltr'><strong>sato,</strong></span> <span class='ocrx_word' id='word_1_151' title='bbox 417 1867 522 1937; x_wconf 65' lang='lat' dir='ltr'><strong>profesti</strong></span> <span class='ocrx_word' id='word_1_152' title='bbox 533 1867 599 1921; x_wconf 82' lang='lat' dir='ltr'><strong>lunt.</strong></span> <span class='ocrx_word' id='word_1_153' title='bbox 632 1871 714 1937; x_wconf 84' lang='lat' dir='ltr'><strong>Prope</strong></span> <span class='ocrx_word' id='word_1_154' title='bbox 725 1885 783 1920; x_wconf 89' lang='lat' dir='ltr'><strong>eum</strong></span> <span class='ocrx_word' id='word_1_155' title='bbox 791 1867 834 1917; x_wconf 80' lang='lat' dir='ltr'><strong>ri·</strong></span> 
     </span>
     <span class='ocr_line' id='line_1_23' title="bbox 92 1944 835 2015; baseline -0.001 -18"><span class='ocrx_word' id='word_1_156' title='bbox 92 1952 142 1997; x_wconf 66' lang='lat' dir='ltr'><strong>tum</strong></span> <span class='ocrx_word' id='word_1_157' title='bbox 151 1947 277 2000; x_wconf 76' lang='lat' dir='ltr'><strong>Hannibal</strong></span> <span class='ocrx_word' id='word_1_158' title='bbox 294 1946 370 1998; x_wconf 87' lang='lat' dir='ltr'><strong>callra</strong></span> <span class='ocrx_word' id='word_1_159' title='bbox 385 1944 501 2015; x_wconf 84' lang='lat' dir='ltr'><strong>posuerat</strong></span> <span class='ocrx_word' id='word_1_160' title='bbox 510 1946 598 2000; x_wconf 80' lang='lat' dir='ltr'><strong>aversa</strong></span> <span class='ocrx_word' id='word_1_161' title='bbox 608 1948 760 2001; x_wconf 72' lang='lat' dir='ltr'><strong>aVulturuo</strong></span> <span class='ocrx_word' id='word_1_162' title='bbox 769 1960 835 1998; x_wconf 83' lang='lat' dir='ltr'><strong>vcn-</strong></span> 
     </span>
     <span class='ocr_line' id='line_1_24' title="bbox 91 2019 833 2094; baseline 0.003 -23"><span class='ocrx_word' id='word_1_163' title='bbox 91 2023 124 2080; x_wconf 73' lang='lat'><strong>10,</strong></span> <span class='ocrx_word' id='word_1_164' title='bbox 139 2023 178 2085; x_wconf 90' lang='lat' dir='ltr'><strong>qui</strong></span> <span class='ocrx_word' id='word_1_165' title='bbox 194 2022 295 2094; x_wconf 73' lang='lat' dir='ltr'><strong>campis</strong></span> <span class='ocrx_word' id='word_1_166' title='bbox 304 2024 404 2076; x_wconf 85' lang='lat' dir='ltr'><strong>torridis</strong></span> <span class='ocrx_word' id='word_1_167' title='bbox 415 2019 741 2089; x_wconf 74' lang='lat' dir='ltr'><strong>siccitate-nubor‘puiveris</strong></span> <span class='ocrx_word' id='word_1_168' title='bbox 751 2020 833 2073; x_wconf 85' lang='lat' dir='ltr'><strong>vehit.</strong></span> 
     </span>
     <span class='ocr_line' id='line_1_25' title="bbox 91 2092 834 2173; baseline 0 -22"><span class='ocrx_word' id='word_1_169' title='bbox 91 2092 114 2143; x_wconf 68' lang='lat' dir='ltr'><strong>ld</strong></span> <span class='ocrx_word' id='word_1_170' title='bbox 124 2112 195 2162; x_wconf 83' lang='lat' dir='ltr'><strong>quum</strong></span> <span class='ocrx_word' id='word_1_171' title='bbox 213 2105 270 2173; x_wconf 75' lang='lat' dir='ltr'><strong>ipsis</strong></span> <span class='ocrx_word' id='word_1_172' title='bbox 283 2103 365 2153; x_wconf 86' lang='lat' dir='ltr'><strong>castris</strong></span> <span class='ocrx_word' id='word_1_173' title='bbox 376 2096 583 2171; x_wconf 81' lang='lat' dir='ltr'><strong>percommodum</strong></span> <span class='ocrx_word' id='word_1_174' title='bbox 591 2100 647 2161; x_wconf 82' lang='lat' dir='ltr'><strong>suit,</strong></span> <span class='ocrx_word' id='word_1_175' title='bbox 664 2113 717 2151; x_wconf 89' lang='lat' dir='ltr'><strong>tum</strong></span> <span class='ocrx_word' id='word_1_176' title='bbox 729 2100 834 2151; x_wconf 80' lang='lat' dir='ltr'><strong>salutare</strong></span> 
     </span>
     <span class='ocr_line' id='line_1_26' title="bbox 93 2176 833 2245; baseline 0.011 -25"><span class='ocrx_word' id='word_1_177' title='bbox 93 2178 204 2245; x_wconf 70' lang='lat' dir='ltr'><strong>praecipue</strong></span> <span class='ocrx_word' id='word_1_178' title='bbox 212 2182 327 2245; x_wconf 77' lang='lat' dir='ltr'><strong>futurum</strong></span> <span class='ocrx_word' id='word_1_179' title='bbox 339 2190 399 2243; x_wconf 83' lang='lat' dir='ltr'><strong>erat,</strong></span> <span class='ocrx_word' id='word_1_180' title='bbox 415 2195 494 2245; x_wconf 88' lang='lat' dir='ltr'><strong>quum</strong></span> <span class='ocrx_word' id='word_1_181' title='bbox 502 2182 582 2229; x_wconf 80' lang='lat' dir='ltr'><strong>aciem</strong></span> <span class='ocrx_word' id='word_1_182' title='bbox 593 2176 733 2241; x_wconf 84' lang='lat' dir='ltr'><strong>dirigerent,</strong></span> <span class='ocrx_word' id='word_1_183' title='bbox 750 2178 794 2245; x_wconf 84' lang='lat' dir='ltr'><strong>ipfi</strong></span> <span class='ocrx_word' id='word_1_184' title='bbox 805 2194 833 2229; x_wconf 82' lang='lat' dir='ltr'><strong>a·</strong></span> 
     </span>
     <span class='ocr_line' id='line_1_27' title="bbox 91 2252 833 2328; baseline 0.013 -30"><span class='ocrx_word' id='word_1_185' title='bbox 91 2252 155 2315; x_wconf 75' lang='lat' dir='ltr'><strong>teri,</strong></span> <span class='ocrx_word' id='word_1_186' title='bbox 170 2266 239 2323; x_wconf 80' lang='lat' dir='ltr'><strong>terga</strong></span> <span class='ocrx_word' id='word_1_187' title='bbox 251 2260 352 2309; x_wconf 79' lang='lat' dir='ltr'><strong>tautum</strong></span> <span class='ocrx_word' id='word_1_188' title='bbox 363 2258 462 2313; x_wconf 82' lang='lat' dir='ltr'><strong>afflante</strong></span> <span class='ocrx_word' id='word_1_189' title='bbox 470 2266 559 2328; x_wconf 69' lang='lat' dir='ltr'><strong>rento,</strong></span> <span class='ocrx_word' id='word_1_190' title='bbox 575 2254 602 2308; x_wconf 82' lang='lat' dir='ltr'><strong>in</strong></span> <span class='ocrx_word' id='word_1_191' title='bbox 613 2255 833 2327; x_wconf 31' lang='lat' dir='ltr'><strong>obcecaormxpul·</strong></span> 
     </span>
     <span class='ocr_line' id='line_1_28' title="bbox 91 2328 886 2403; baseline 0.013 -28"><span class='ocrx_word' id='word_1_192' title='bbox 91 2334 229 2388; x_wconf 75' lang='lat' dir='ltr'><strong>tereeffuso</strong></span> <span class='ocrx_word' id='word_1_193' title='bbox 241 2335 338 2393; x_wconf 79' lang='lat' dir='ltr'><strong>hostem</strong></span> <span class='ocrx_word' id='word_1_194' title='bbox 348 2336 503 2403; x_wconf 57' lang='lat' dir='ltr'><strong>pugnaturi„</strong></span> <span class='ocrx_word' id='word_1_195' title='bbox 604 2328 616 2337; x_wconf 53' lang='lat'>²</span> <span class='ocrx_word' id='word_1_196' title='bbox 880 2396 886 2403; x_wconf 93' lang='lat'>.</span> 
     </span>
    </p>

    <p class='ocr_par' dir='ltr' id='par_1_2' title="bbox 93 2408 892 3166">
     <span class='ocr_line' id='line_1_29' title="bbox 121 2408 833 2483; baseline 0.008 -26"><span class='ocrx_word' id='word_1_197' title='bbox 121 2410 213 2465; x_wconf 86' lang='lat' dir='ltr'><strong>XLIV.</strong></span> <span class='ocrx_word' id='word_1_198' title='bbox 233 2415 362 2478; x_wconf 84' lang='lat' dir='ltr'><strong>consules,</strong></span> <span class='ocrx_word' id='word_1_199' title='bbox 373 2408 429 2464; x_wconf 83' lang='lat' dir='ltr'><strong>satis</strong></span> <span class='ocrx_word' id='word_1_200' title='bbox 439 2412 574 2483; x_wconf 84' lang='lat' dir='ltr'><strong>exploratis</strong></span> <span class='ocrx_word' id='word_1_201' title='bbox 583 2412 720 2476; x_wconf 84' lang='lat' dir='ltr'><strong>itineribus,</strong></span> <span class='ocrx_word' id='word_1_202' title='bbox 729 2412 833 2480; x_wconf 81' lang='lat' dir='ltr'><strong>sequen·</strong></span> 
     </span>
     <span class='ocr_line' id='line_1_30' title="bbox 93 2489 831 2559; baseline 0.014 -27"><span class='ocrx_word' id='word_1_203' title='bbox 93 2490 124 2534; x_wconf 84' lang='lat' dir='ltr'><strong>tes</strong></span> <span class='ocrx_word' id='word_1_204' title='bbox 134 2489 242 2557; x_wconf 82' lang='lat' dir='ltr'><strong>l’oeoum,</strong></span> <span class='ocrx_word' id='word_1_205' title='bbox 259 2505 289 2543; x_wconf 88' lang='lat' dir='ltr'><strong>ut</strong></span> <span class='ocrx_word' id='word_1_206' title='bbox 304 2504 409 2543; x_wconf 86' lang='lat' dir='ltr'><strong>ventum</strong></span> <span class='ocrx_word' id='word_1_207' title='bbox 422 2490 453 2542; x_wconf 89' lang='lat' dir='ltr'><strong>ad</strong></span> <span class='ocrx_word' id='word_1_208' title='bbox 469 2496 566 2541; x_wconf 86' lang='lat' dir='ltr'><strong>Cannas</strong></span> <span class='ocrx_word' id='word_1_209' title='bbox 581 2492 623 2555; x_wconf 81' lang='lat' dir='ltr'><strong>eli,</strong></span> <span class='ocrx_word' id='word_1_210' title='bbox 640 2491 684 2541; x_wconf 90' lang='lat' dir='ltr'><strong>ubi</strong></span> <span class='ocrx_word' id='word_1_211' title='bbox 694 2492 719 2541; x_wconf 89' lang='lat' dir='ltr'><strong>in</strong></span> <span class='ocrx_word' id='word_1_212' title='bbox 729 2491 831 2559; x_wconf 79' lang='lat' dir='ltr'><strong>conspe·</strong></span> 
     </span>
     <span class='ocr_line' id='line_1_31' title="bbox 95 2559 833 2634; baseline 0.009 -19"><span class='ocrx_word' id='word_1_213' title='bbox 95 2559 237 2625; x_wconf 72' lang='lat' dir='ltr'><strong>durorum</strong></span> <span class='ocrx_word' id='word_1_214' title='bbox 245 2569 378 2634; x_wconf 85' lang='lat' dir='ltr'><strong>habebant,</strong></span> <span class='ocrx_word' id='word_1_215' title='bbox 395 2570 454 2619; x_wconf 88' lang='lat' dir='ltr'><strong>bina</strong></span> <span class='ocrx_word' id='word_1_216' title='bbox 463 2570 539 2620; x_wconf 82' lang='lat' dir='ltr'><strong>castra</strong></span> <span class='ocrx_word' id='word_1_217' title='bbox 551 2570 731 2634; x_wconf 85' lang='lat' dir='ltr'><strong>communiunt,</strong></span> <span class='ocrx_word' id='word_1_218' title='bbox 744 2569 833 2622; x_wconf 91' lang='lat' dir='ltr'><strong>codem</strong></span> 
     </span>
     <span class='ocr_line' id='line_1_32' title="bbox 94 2638 833 2717; baseline 0.009 -24"><span class='ocrx_word' id='word_1_219' title='bbox 94 2638 161 2693; x_wconf 80' lang='lat' dir='ltr'><strong>ferme</strong></span> <span class='ocrx_word' id='word_1_220' title='bbox 172 2648 316 2711; x_wconf 83' lang='lat' dir='ltr'><strong>intervallo,</strong></span> <span class='ocrx_word' id='word_1_221' title='bbox 333 2664 383 2715; x_wconf 91' lang='lat' dir='ltr'><strong>quo</strong></span> <span class='ocrx_word' id='word_1_222' title='bbox 395 2648 426 2699; x_wconf 87' lang='lat' dir='ltr'><strong>ad</strong></span> <span class='ocrx_word' id='word_1_223' title='bbox 438 2649 587 2712; x_wconf 87' lang='lat' dir='ltr'><strong>Geronium,</strong></span> <span class='ocrx_word' id='word_1_224' title='bbox 604 2648 664 2699; x_wconf 84' lang='lat' dir='ltr'><strong>ficut</strong></span> <span class='ocrx_word' id='word_1_225' title='bbox 673 2653 737 2714; x_wconf 71' lang='lat' dir='ltr'><strong>auti,</strong></span> <span class='ocrx_word' id='word_1_226' title='bbox 753 2650 833 2717; x_wconf 81' lang='lat' dir='ltr'><strong>copiis</strong></span> 
     </span>
     <span class='ocr_line' id='line_1_33' title="bbox 94 2716 892 2793; baseline 0.006 -23"><span class='ocrx_word' id='word_1_227' title='bbox 94 2716 177 2778; x_wconf 76' lang='lat' dir='ltr'><strong>dirius.</strong></span> <span class='ocrx_word' id='word_1_228' title='bbox 213 2727 319 2786; x_wconf 85' lang='lat' dir='ltr'><strong>Aufidus</strong></span> <span class='ocrx_word' id='word_1_229' title='bbox 335 2728 421 2789; x_wconf 84' lang='lat' dir='ltr'><strong>amnis,</strong></span> <span class='ocrx_word' id='word_1_230' title='bbox 437 2726 548 2793; x_wconf 87' lang='lat' dir='ltr'><strong>utrisque</strong></span> <span class='ocrx_word' id='word_1_231' title='bbox 559 2728 639 2778; x_wconf 87' lang='lat' dir='ltr'><strong>castris</strong></span> <span class='ocrx_word' id='word_1_232' title='bbox 655 2729 764 2790; x_wconf 84' lang='lat' dir='ltr'><strong>affluens,</strong></span> <span class='ocrx_word' id='word_1_233' title='bbox 781 2727 833 2777; x_wconf 90' lang='lat' dir='ltr'><strong>adi·</strong></span> <span class='ocrx_word' id='word_1_234' title='bbox 888 2772 892 2775; x_wconf 83' lang='grc'><em>.</em></span> 
     </span>
     <span class='ocr_line' id='line_1_34' title="bbox 95 2803 834 2875; baseline 0.007 -24"><span class='ocrx_word' id='word_1_235' title='bbox 95 2805 142 2871; x_wconf 69' lang='lat' dir='ltr'><strong>lum</strong></span> <span class='ocrx_word' id='word_1_236' title='bbox 154 2806 316 2873; x_wconf 80' lang='lat' dir='ltr'><strong>aquatoribus</strong></span> <span class='ocrx_word' id='word_1_237' title='bbox 327 2805 420 2857; x_wconf 60' lang='lat' dir='ltr'><strong>emina</strong></span> <span class='ocrx_word' id='word_1_238' title='bbox 434 2804 552 2871; x_wconf 76' lang='lat' dir='ltr'><strong>&#39;cujusque</strong></span> <span class='ocrx_word' id='word_1_239' title='bbox 564 2810 750 2875; x_wconf 82' lang='lat' dir='ltr'><strong>opportunitate</strong></span> <span class='ocrx_word' id='word_1_240' title='bbox 763 2803 834 2856; x_wconf 86' lang='lat' dir='ltr'><strong>haud</strong></span> 
     </span>
     <span class='ocr_line' id='line_1_35' title="bbox 94 2874 832 2946; baseline 0.008 -19"><span class='ocrx_word' id='word_1_241' title='bbox 94 2874 137 2927; x_wconf 83' lang='lat' dir='ltr'><strong>fine</strong></span> <span class='ocrx_word' id='word_1_242' title='bbox 146 2886 278 2935; x_wconf 85' lang='lat' dir='ltr'><strong>certamine</strong></span> <span class='ocrx_word' id='word_1_243' title='bbox 287 2884 370 2934; x_wconf 84' lang='lat' dir='ltr'><strong>dabat.</strong></span> <span class='ocrx_word' id='word_1_244' title='bbox 388 2898 421 2935; x_wconf 84' lang='lat' dir='ltr'><strong>ex</strong></span> <span class='ocrx_word' id='word_1_245' title='bbox 431 2885 663 2936; x_wconf 84' lang='lat' dir='ltr'><strong>minoribustameu</strong></span> <span class='ocrx_word' id='word_1_246' title='bbox 674 2884 764 2944; x_wconf 86' lang='lat' dir='ltr'><strong>cailris,</strong></span> <span class='ocrx_word' id='word_1_247' title='bbox 776 2896 832 2946; x_wconf 76' lang='lat' dir='ltr'><strong>quae</strong></span> 
     </span>
     <span class='ocr_line' id='line_1_36' title="bbox 97 2956 830 3029; baseline 0 -22"><span class='ocrx_word' id='word_1_248' title='bbox 97 2956 164 3025; x_wconf 74' lang='lat' dir='ltr'><strong>polla</strong></span> <span class='ocrx_word' id='word_1_249' title='bbox 180 2972 248 3022; x_wconf 77' lang='lat' dir='ltr'><strong>uano</strong></span> <span class='ocrx_word' id='word_1_250' title='bbox 265 2960 385 3011; x_wconf 84' lang='lat' dir='ltr'><strong>Aufidum</strong></span> <span class='ocrx_word' id='word_1_251' title='bbox 401 2972 478 3023; x_wconf 90' lang='lat' dir='ltr'><strong>erant,</strong></span> <span class='ocrx_word' id='word_1_252' title='bbox 494 2962 596 3013; x_wconf 81' lang='lat' dir='ltr'><strong>liberius</strong></span> <span class='ocrx_word' id='word_1_253' title='bbox 612 2961 830 3029; x_wconf 78' lang='lat' dir='ltr'><strong>aquabanturRo·</strong></span> 
     </span>
     <span class='ocr_line' id='line_1_37' title="bbox 96 3028 832 3166; baseline 0 -77"><span class='ocrx_word' id='word_1_254' title='bbox 96 3032 163 3105; x_wconf 69' lang='lat' dir='ltr'><strong>motii,</strong></span> <span class='ocrx_word' id='word_1_255' title='bbox 179 3039 239 3113; x_wconf 80' lang='lat' dir='ltr'><strong>quia</strong></span> <span class='ocrx_word' id='word_1_256' title='bbox 248 3028 308 3115; x_wconf 62' lang='lat' dir='ltr'><strong>‘clpa</strong></span> <span class='ocrx_word' id='word_1_257' title='bbox 317 3036 421 3097; x_wconf 80' lang='lat' dir='ltr'><strong>ulterior</strong></span> <span class='ocrx_word' id='word_1_258' title='bbox 431 3039 645 3094; x_wconf 80' lang='lat' dir='ltr'><strong>nullumhabebat</strong></span> <span class='ocrx_word' id='word_1_259' title='bbox 653 3040 776 3166; x_wconf 53' lang='lat' dir='ltr'><strong>holiiupp(1²</strong></span> <span class='ocrx_word' id='word_1_260' title='bbox 770 3052 832 3104; x_wconf 71' lang='lat' dir='ltr'><strong>pro⁴</strong></span> 
     </span>
     <span class='ocr_line' id='line_1_38' title="bbox 465 3116 832 3165; baseline 0.008 -3"><span class='ocrx_word' id='word_1_261' title='bbox 465 3130 475 3144; x_wconf 75' lang='lat'><em>&#39;</em></span> <span class='ocrx_word' id='word_1_262' title='bbox 768 3116 832 3165; x_wconf 64' lang='lat' dir='ltr'><strong>&#39;um-</strong></span> 
     </span>
    </p>

    <p class='ocr_par' dir='ltr' id='par_1_3' title="bbox 772 3182 783 3205">
     <span class='ocr_line' id='line_1_39' title="bbox 772 3182 783 3205; baseline 0 0"><span class='ocrx_word' id='word_1_263' title='bbox 772 3182 783 3205; x_wconf 69' lang='lat'>0</span> 
     </span>
    </p>
   </div>
   <div class='ocr_carea' id='block_1_2' title="bbox 0 0 1013 3709">
    <p class='ocr_par' dir='ltr' id='par_1_4' title="bbox 0 0 1013 3709">
     <span class='ocr_line' id='line_1_40' title="bbox 0 0 1013 3709; baseline 0 0"><span class='ocrx_word' id='word_1_264' title='bbox 0 0 1013 3709; x_wconf 95' lang='lat' dir='ltr'><strong> </strong></span> 
     </span>
    </p>
   </div>
  </div>
 </body>
</html>
