2000 3709
177 256 227 309 432
430 201 659 295 ⁶1¹.lest

177 330 323 396 lingentium
335 344 400 381 vana
411 332 510 394 auditis,
519 344 598 383 totam
605 334 695 383 urbem
704 333 862 384 conciverat.
873 331 925 401 plo·

177 422 245 459 ratus
255 410 386 461 mulierum
397 426 448 460 non
462 424 495 460 cx
511 412 615 478 privatis
630 410 711 461 solum
721 412 841 463 domibus
851 426 924 462 exau*

177 489 305 547 elebatum
323 488 363 539 led
379 488 488 555 undique
506 490 679 557 matroon-in
696 489 829 555 publicum
840 488 925 547 effusa,

176 565 243 627 cirea
261 566 343 615 Deum
362 565 463 617 delubra
482 562 632 628 discurrunt,
657 565 771 615 crinibus
788 566 860 633 paffis
874 579 925 614 aras

176 653 313 703 verrentes,
329 644 395 693 nire
410 642 521 707 genibus,
539 641 637 706 supinas
647 656 736 693 manus
750 643 784 693 ad
795 644 886 694 celum
896 656 925 693 ac
973 633 981 710 ,Ι

177 722 246 771 Deot
265 720 401 783 tendentes,
418 718 573 785 orantesque,
598 729 627 768 ut
643 720 732 769 urbem
753 724 897 771 Romanam
912 723 926 769 e

175 798 290 849 inanibus
302 798 406 848 hostium
418 799 540 865 eriperent
546 816 554 858 ς
569 796 709 864 matresque
719 800 851 849 Romanas
862 800 888 848 ἃ
899 799 927 846 li·

174 874 247 927 beror
259 890 351 943 partos
363 876 498 925 inviolator
509 874 643 925 (errarent.
678 879 783 924 &natus
799 876 927 940 magistra·

173 954 240 1004 tibur
251 955 277 1003 in
291 953 349 1004 loro
365 954 449 1021 praello
465 954 506 1015 eli,
522 952 609 1019 siquid
623 953 752 1003 consulere
763 954 858 1002 velint.
876 954 945 1003 mii.

66 1042 80 1051 “
172 1032 300 1099 accipiunt
312 1032 425 1099 imperia,
442 1030 619 1096 disceduntque
635 1027 667 1080 ad
683 1030 738 1079 suas
755 1030 927 1097 quilqueuffi·

171 1110 268 1161 ciorum
284 1122 379 1177 partes:
396 1110 439 1159 aui
451 1109 560 1160 offerunt
570 1109 603 1172 se,
620 1108 638 1157 li
651 1124 703 1174 quo
712 1107 773 1157 usus
787 1125 874 1176 opera
888 1109 925 1158 fit.

171 1184 280 1254 praefidia
291 1187 317 1235 in
328 1202 393 1247 arce,
409 1187 436 1235 in
449 1186 585 1253 Capitolio,
602 1186 628 1235 in
642 1183 727 1246 muris,
745 1184 815 1234 cirea
825 1185 925 1248 urbem,

170 1263 198 1311 in
206 1271 291 1313 monte
302 1262 376 1311 etiam
389 1261 487 1311 Albano
498 1272 575 1326 atque
586 1274 642 1309 arce
653 1258 771 1310 AElulana
781 1272 926 1325 ponuntur.

171 1342 240 1391 Inter
255 1342 320 1389 hunc
336 1340 479 1403 tumultum,
498 1344 533 1404 Q.
546 1338 663 1388 Fulvium
674 1339 854 1406 proconsulem
867 1355 925 1405 pro-

170 1418 261 1469 festum
274 1432 329 1468 cum
343 1419 455 1469 exercitu
469 1423 484 1467 a
501 1421 585 1484 Capua
597 1415 712 1476 afferrem
727 1418 770 1465 cui
780 1432 815 1465 nc
826 1417 926 1467 minuc-

169 1507 239 1548 retur
247 1496 386 1563 imperium,
402 1494 419 1544 si
431 1496 456 1545 iu
468 1494 556 1544 urbem
568 1493 678 1559 venisset,
694 1495 807 1545 decernit
816 1496 926 1555 senatur,

169 1584 198 1625 ut
208 1578 242 1641 Q.
253 1575 343 1625 Fulvio
352 1590 462 1641 parcum
471 1573 612 1623 consulibus
621 1574 754 1640 imperium
763 1572 834 1625 cllet.
853 1579 925 1626 Han·

167 1654 245 1717 nibal,
263 1652 373 1704 infestius
395 1652 559 1721 perpopulato
576 1667 638 1716 agro
654 1651 801 1715 Fregellano
818 1665 926 1722 propter
979 1628 981 1744 ξ

167 1731 294 1783 intercisos
306 1742 401 1800 pontes,
419 1745 463 1799 per
480 1730 631 1780 Frufinatem
642 1730 882 1797 Ferentinatemque
895 1734 921 1784 ἃ
979 1763 981 1772 ‚

167 1811 327 1875 Anagninum
338 1822 425 1875 agrum
444 1809 470 1857 in
481 1808 636 1857 Lauicanam
650 1806 729 1855 venit.
748 1808 809 1856 inde
825 1809 920 1873 Algido
961 1844 966 1851 -

168 1886 307 1939 Tusculum
318 1888 405 1955 petiit:
422 1902 468 1937 nec
479 1896 592 1952 receptus
599 1885 728 1948 munibus,
739 1886 808 1934 infra
818 1888 919 1937 Tuscu·

166 1966 217 2015 lum
234 1964 376 2015 dextrorsus
397 1964 491 2014 Gabios
506 1961 639 2011 descendit.
664 1962 720 2011 inde
736 1964 763 2011 in
782 1966 919 2031 Pupiniam

166 2042 279 2091 exercitu
290 2030 470 2104 demissojollo
482 2040 560 2091 millia
574 2037 684 2105 patruum
694 2040 727 2089 ab
741 2043 825 2090 Roma
834 2041 919 2108 posuit

149 2118 250 2169 eastra.
272 2123 346 2179 ·Quo
362 2120 466 2186 propius
482 2118 558 2167 hostis
569 2115 709 2178 accedebat,
724 2132 756 2165 eo
773 2119 860 2181 major
870 2136 917 2180 cz·

164 2194 299 2245 deruebat
316 2196 473 2261 fugientium,
490 2192 683 2262 precedentibus
703 2194 837 2243 Numidis:
859 2198 916 2262 plu·

163 2270 250 2339 resque
265 2276 376 2325 omnium
388 2288 507 2338 generum
520 2284 594 2337 atque
605 2272 713 2321 cratium
724 2272 898 2337 capiebantur.

197 2356 231 2402 X.
250 2354 280 2401 In
293 2354 341 2402 hoc
357 2353 465 2402 tumultu
480 2352 584 2401 Fulvius
600 2351 709 2412 Flaccus,
725 2351 795 2417 porti
808 2352 913 2417 Capenl

162 2442 220 2481 cum
232 2430 344 2499 citercitu
358 2422 465 2479 Romam
481 2427 608 2493 ingredire,
624 2426 707 2476 medii
717 2427 775 2475 urbe
785 2440 827 2493 per
839 2428 914 2477 Cari-

161 2522 206 2557 nas
217 2506 346 2571 AEsquilias
359 2508 495 2557 contendit.
514 2506 572 2555 inde
582 2506 696 2570 egrelsuc,
714 2505 779 2553 inter
794 2504 927 2571 AEsqutli-·

161 2598 218 2635 nam
230 2584 400 2650 Collinamque
411 2595 509 2651 portam
522 2582 697 2651 posuitcallra.
731 2580 826 2630 AEdiles
835 2584 916 2649 plebis
979 2621 981 2657 p

161 2672 329 2713 commeatum
338 2664 369 2710 ed
378 2663 574 2727 comportirunt.
605 2658 721 2709 Consules
730 2659 915 2726 senatusquein

159 2729 236 2789 'castra
246 2732 374 2786 venerunt.
394 2739 428 2786 ibi
443 2736 474 2786 de
485 2737 579 2786 summa
594 2734 719 2801 republica
730 2734 922 2787 consultatum:

161 2815 265 2877 Placuit,
283 2813 392 2865 consules
410 2815 476 2863 eirca
494 2824 577 2881 portas
595 2812 718 2862 Collinam
733 2812 913 2877 AEsquiunam-

159 2906 209 2957 que
229 2906 319 2957 ponere
337 2892 427 2941 castra:
448 2896 476 2941 C.
499 2890 662 2957 Calpurnium
682 2900 816 2956 praetorem
836 2892 912 2942 urba-
979 2944 981 2960 Ι

158 2981 219 3014 num
231 2967 355 3031 Capitolio
364 2976 437 3031 atque
446 2966 497 3015 arci
506 2966 616 3031 praesse:
635 2966 662 3014 dc
671 2965 782 3015 senatum
791 2966 911 3033 frequen·
979 3011 980 3034 p

158 3047 208 3087 tent
219 3040 245 3089 in
256 3040 455 3107 foro-contineri,
472 3040 560 3110 nquit
568 3042 595 3091 in
604 3040 755 3095 tam-subitis
763 3042 840 3093 rebus
848 3059 919 3092 con·¹
979 3045 980 3090 ἴ

841 3118 908 3171 sulto
979 3119 980 3128 ’

977 3165 981 3238 l
