2000 3709
313 282 512 344 'LIBER
544 294 594 345 ix.
804 296 836 358 ιῤ

7 431 10 439 ,
70 377 138 450 plicia
157 386 233 431 eorum
253 371 338 448 ageret,
354 382 449 448 perdere
464 384 538 448 pelis,
557 382 837 452 praeparamenta.

74 460 192 511 Laudare
201 476 230 509 ea
240 461 341 523 milites,
357 462 484 526 laetarique
493 462 596 513 obviam
611 461 675 511 itum
690 463 732 513 irae
741 463 789 513 suae
798 461 835 511 es·

78 535 113 599 se,
131 553 159 586 ac
174 538 256 600 fateri,
274 538 361 586 omnia
371 537 486 604 patienda
495 538 586 604 potiris,
604 543 678 603 quam
689 539 838 607 proderetur

10 660 15 668 .
79 613 142 666 salus
154 626 193 667 tot
202 616 347 683 principum
356 618 476 665 Romana
486 616 635 680 juventutis.
712 607 716 613 ’

111 696 172 757 XV.
192 692 302 742 Dimissi
319 694 451 757 concione,
468 693 597 743 consilium
614 694 737 761 habitum,
753 695 836 745 omni-

76 770 156 819 busne
174 772 256 839 copiis
274 771 409 822 Luceriam
424 782 572 839 premerent,
589 772 710 823 analtcro
723 775 838 825 exercitu

76 848 103 899 Se
117 849 182 898 duce
194 850 271 917 Apuli
287 852 359 916 circa,
378 864 438 918 gens
446 848 527 901 dubia
539 849 571 900 ad
584 848 610 900 id
619 852 764 915 voluntatis,
780 864 836 902 ten·

76 924 200 978 latentur.
234 928 355 979 Publilius
371 927 465 993 consul,
482 928 513 978 ad
525 929 701 997 peragrandam
713 930 837 999 proseuta

77 1008 207 1076 Apuliam,
224 1008 493 1076 aliquot‘expeditione
503 1009 553 1059 una
567 1008 675 1077 populos
685 1020 729 1059 aut
739 1010 767 1073 vi
779 1008 836 1060 sub-

76 1086 138 1151 egit,
156 1096 202 1137 aut
210 1087 398 1138 conditionibus
407 1086 433 1137 in
443 1085 585 1137 societatem
594 1088 700 1155 accepit.
736 1088 840 1155 Papirio

75 1160 188 1231 Quoque,
206 1167 250 1231 qui
259 1164 368 1217 obsessor
376 1167 488 1217 Luceria
499 1165 628 1230 restiterat,
644 1166 717 1217 brevi
726 1167 758 1219 ad
766 1166 838 1236 spem

76 1254 187 1292 eventus
209 1242 345 1319 respondit.
372 1260 442 1309 nam,
466 1244 555 1295 inseffis
573 1244 691 1296 omnibus
707 1245 765 1309 viis,
790 1239 839 1311 pei
893 1235 898 1249 ⁸

77 1332 141 1386 qtras
165 1332 320 1371 commeatus
345 1335 379 1371 ex
407 1322 509 1371 Samnio
532 1320 744 1387 subvehebantur,
769 1318 840 1371 same

74 1392 167 1449 domiti
183 1400 312 1464 Samnites,
328 1401 373 1467 qui
385 1400 518 1451 Luceria
510 1416 537 1453 ιιι
547 1400 659 1471 praefidio
674 1409 752 1466 erant,
769 1400 837 1466 lega·

77 1488 118 1529 tos
126 1476 226 1529 misere
232 1480 263 1530 ad
275 1479 402 1531 consulem
410 1483 562 1546 Romanurn,
579 1491 617 1547 ut,
634 1480 739 1547 receptis
746 1480 837 1549 equrtt

76 1556 131 1621 bus,
150 1558 195 1623 qui
213 1558 286 1608 causa
304 1559 363 1609 belli
381 1558 465 1627 essent,
479 1559 601 1613 absisteret
619 1558 756 1611 obsdione.
790 1555 840 1612 His

77 1633 217 1704 Papirius
208 1648 245 1686 ita
256 1636 398 1705 respondit.
408 1635 674 1705 DebuiffleosPorrlunr,
681 1636 838 1703 Hereariifili·

77 1730 123 1776 em,
140 1730 180 1780 quo
189 1714 276 1763 aussore
286 1714 462 1779 Romanotsub
449 1730 527 1789 prgam
534 1713 642 1783 misissent,
658 1716 771 1781 consulere,
788 1715 840 1783 qnid

77 1778 146 1841 utris
153 1790 282 1858 patiendum
293 1794 395 1859 censeret.
413 1796 516 1857 celeriter,
532 1794 630 1863 quoniam
644 1790 670 1845 ab
683 1792 772 1857 refluus
780 1794 803 1843 in
811 1794 839 1861 se

77 1884 135 1937 apua
140 1867 220 1934 statui,
237 1872 303 1937 qudm
312 1872 335 1919 in
343 1873 372 1936 se
381 1866 498 1937 ipfiferre‚
515 1864 639 1934 maheriis,
656 1872 756 1920 nunciare
768 1874 838 1921 Lace-

77 1949 137 1998 riam
150 1946 229 2013 juffir,
246 1965 318 2014 arma,
333 1949 441 2015 smmum,
452 1942 562 2015 jamma,
578 1945 738 1998 mltiud‘mem
754 1966 842 2001 omrem

76 2022 185 2076 imbellem
202 2027 263 2075 intra
279 2026 358 2076 menia
368 2024 529 2093 relinquerent:
547 2025 639 2078 militem
649 2026 678 2092 se
692 2042 740 2077 nort
745 2025 769 2093 s
768 2026 839 2095 agulis

77 2104 215 2171 vestimentis
223 2102 286 2172 sul
271 2122 352 2175 jugum
363 2100 480 2169 miffmem,
497 2104 630 2171 ulciscentem
641 2104 733 2171 elsatam
750 2122 838 2156 nenne-

76 2200 132 2235 ·uam
149 2184 308 2250 inserentem
299 2183 451 2258 ignomisiam
484 2182 555 2233 Nihil
571 2183 720 2234 recusatum.
744 2170 840 2250 septem

78 2264 155 2315 millia
170 2263 282 2313 militum
291 2253 434 2327 subjugum
448 2260 771 2329 missa,praedaqi1erngens
784 2264 837 2313 Lu·

80 2344 149 2397 ceria
161 2352 244 2411 capta,
263 2344 368 2411 receptis
383 2341 498 2392 omnibus
512 2341 585 2406 signu
595 2340 726 2412 armisque
743 2356 796 2407 quae
804 2339 840 2391 ad

80 2419 204 2473 Caudium
213 2421 364 2483 amiserant;
381 2420 414 2485 sc,
427 2421 493 2489 quod
503 2422 587 2471 omnia
597 2417 727 2511 superabat
739 2418 838 2498 gaudia,

79 2502 205 2569 equitibus
221 2500 381 2568 recuperatis,
398 2515 459 2565 quos
470 2500 576 2567 pignora
585 2501 652 2566 pacis
666 2486 842 2549 custodiendos

78 2578 214 2653 Luceriam
225 2577 347 2627 Samnites
361 2574 487 2628 dederant.
521 2576 595 2629 Haud
609 2574 690 2625 serme
695 2575 743 2625 alia
753 2584 836 2624 muta-

78 2657 146 2707 tione
155 2654 238 2705 subita
254 2670 338 2705 rerum
347 2654 436 2705 clarior
448 2652 555 2703 vilioria
569 2654 662 2722 populi
669 2654 775 2704 Romani
787 2652 839 2703 esl.

79 2732 199 2800 siquidem
208 2732 286 2787 etiam
298 2730 376 2797 (quod
389 2728 536 2797 quibusdam
548 2732 573 2779 in
582 2729 712 2780 annalibus
723 2730 842 2793 inveni0);

78 2812 190 2877 Pontius,
207 2806 331 2861 Herennii
346 2808 417 2871 tilius,
435 2810 582 2859 Samnitium
593 2809 735 2877 imperator,
753 2820 781 2858 ut
789 2822 836 2865 ex-

79 2888 157 2958 piaret
174 2888 309 2942 consulum
321 2886 495 2973 ignominiam,
513 2884 558 2937 sub
571 2886 661 2953 jugum
676 2901 734 2936 cum
750 2884 838 2936 ceteris

79 2968 110 3017 esl
121 2968 227 3017 missus..
254 2968 373 3017 Ceterum
390 2964 414 3015 id
433 2964 516 3014 minus
532 2966 618 3031 miror,
637 2961 770 3015 obscurum
788 2960 841 3015 esse

79 3044 109 3096 de
117 3040 227 3096 holitum
240 3044 304 3097 duce
317 3042 402 3095 dedito
410 3038 531 3109 missoque
545 3041 700 3114 subjugum:
717 3040 743 3092 id
757 3043 840 3106 magie-

78 3122 245 3191 manices,
256 3122 367 3189 ambigi,
380 3118 505 3175 Luciusne
517 3118 646 3175 cunutus
662 3118 768 3174 ἀίξὶιιιοι
778 3132 841 3175 euna
